2044 3168
202 157 285 202 AD
319 156 817 202 ANTECEDENTEM
847 156 1373 202 DEOLAMATIONEM
1403 157 1734 204 ANTILOGIA
1791 158 1895 210 149

201 313 296 362 μοι
336 294 472 346 κατὰ
509 301 672 347 τοῦτο
713 292 923 361 ἐγίνετο
962 294 1128 346 τοῦδε
1173 302 1273 347 τοῦ
1319 294 1588 347 κινδύνου
1636 294 1797 347 λύσιν
1837 292 1898 348 ἐκ

202 390 316 435 τῶν
354 380 441 451 ἐφ’
486 382 619 451 ἡμῖν
657 383 836 436 ὄντων
875 382 1060 452 εὑρεῖν
1100 381 1350 455 οἰομένῳ.
1391 382 1529 436 ἀλλὰ
1558 383 1793 450 μάταιον
1827 378 1898 451 ἦν

204 472 310 540 ἄρα
341 476 580 539 οἴεσθαι,
617 471 851 539 μάταιον
883 468 945 524 δὲ
974 470 1066 524 καὶ
1098 470 1259 541 τέχνη
1291 479 1437 525 πᾶσα
1467 472 1663 540 ἥντινα
1696 473 1899 541 δήποτε

203 562 482 628 μετιόντες
518 557 668 630 ἦμεν.
708 558 800 614 καὶ
838 561 1009 623 πόνος
1049 559 1273 629 ἐκεῖνος,
1313 560 1380 613 ὃν
1419 560 1521 613 οὐκ
1560 559 1898 630 ἀπηξιοῦμεν

203 651 349 718 ἔχειν
394 648 598 720 ἡμέρας
643 648 735 702 καὶ
780 650 1008 718 νύκτας,
1053 651 1223 712 πόνος
1270 649 1542 718 ἀνήνυτος
1591 645 1686 718 ἦν,
1732 650 1794 702 τὸ
1836 646 1898 702 δὲ
1944 670 1964 704 5

201 739 372 792 κακὸν
404 737 492 791 ε’πὶ
523 741 709 806 μεῖζον
741 738 932 807 ἐχώρει
963 737 1053 791 καὶ
1088 737 1446 810 ἐκραταιοῦτο
1478 746 1553 811 τῷ
1579 741 1778 811 χρόνῳ,
1806 736 1899 791 καὶ
1957 768 1961 770 >
2002 779 2013 787 .

202 827 331 891 ὁδὸς
369 823 439 896 ἦν
478 826 566 880 ἐπὶ
604 828 666 881 τὸ
707 836 894 898 χεῖρον
933 828 1040 896 ἀεί,
1080 825 1191 881 ἔστ’
1228 827 1298 881 ἀν
1331 827 1547 881 ἀπιδὼν
1583 828 1722 897 πρὸς
1752 825 1899 897 ἕτερ’

203 917 367 980 αὐτὸς
404 918 507 986 τὴν
545 915 824 986 ἀληθινὴν
868 915 1208 987 ἐπορισάμην
1247 918 1532 986 βοήθειαν.
1606 917 1688 969 17.
1728 918 1898 985 γνοὺς

207 1004 211 1076 Ι
254 1007 359 1075 γάρ
397 1006 504 1074 ἤδη
545 1015 735 1075 σαφῶς
783 1015 1034 1075 κρεῖττον
1081 1000 1224 1061 εἶναι
1263 1005 1296 1075 ἢ
1335 1004 1451 1060 κατ’
1498 1005 1719 1078 ἀνθρω-
1809 1026 1854 1067 p.
1882 1014 1907 1054 7
1931 1024 1989 1067 pr

201 1097 370 1163 πίνην
410 1096 570 1165 ἰσχὺν
613 1097 812 1149 ἰᾶσθαί
844 1116 952 1163 μου
984 1096 1085 1149 τὸν
1121 1094 1346 1166 πατέρα,
1385 1094 1491 1149 κᾶν
1528 1098 1602 1164 μή
1633 1116 1715 1158 τις
1746 1084 1899 1149 θεῶν
1922 1115 1967 1148 10

202 1183 630 1253 ἀντιλαβόμενος
690 1178 725 1255 ᾗ
778 1194 934 1255 χεῖρα
993 1187 1309 1254 προτείνας,
1365 1186 1645 1254 οἰχήσεταί
1694 1205 1788 1253 μοι
1843 1183 1898 1249 ἐξ

202 1272 519 1343 ἀνθρώπων
566 1274 778 1343 αὐτίκα,
832 1275 923 1327 καὶ
962 1284 1075 1327 τῶν
1122 1271 1224 1341 μὲν
1275 1275 1511 1336 δεόντως
1557 1274 1900 1345 ὀλιγωρήσας

202 1362 275 1425 ὡς
314 1362 575 1417 ἀσθενῶν
614 1362 906 1431 ἐπαρκέσαι
938 1370 1004 1434 τῇ
1035 1366 1207 1434 χρείᾳ,
1243 1364 1342 1426 τὰς
1373 1362 1599 1426 ἐλπίδας
1631 1360 1692 1416 δὲ
1722 1364 1900 1426 πάσας

200 1450 403 1521 τρέψας
443 1450 531 1505 ἐπὶ
569 1454 631 1505 τὸ
670 1459 836 1506 θεῖον
872 1453 1041 1506 πάλαι
1079 1451 1171 1506 καὶ
1210 1459 1318 1506 νῦν
1353 1448 1416 1505 εὗ
1456 1451 1617 1515 εἰδὼς
1656 1453 1729 1515 ὡς
1765 1454 1900 1520 βου-

203 1540 439 1608 λομένου
498 1561 559 1610 γε
619 1543 760 1612 δρᾶν
812 1540 983 1595 πάνθ’
1046 1542 1331 1596 ὑπόκειται
1386 1539 1569 1614 ῥᾴδια,
1629 1543 1685 1595 τί
1734 1551 1898 1607 ποιῶ;
1923 1559 1965 1593 15

204 1629 380 1699 ἱκέτης
425 1650 484 1684 τε
530 1631 740 1701 θερμὸς
787 1633 1011 1699 γίνομαι
1058 1632 1260 1684 τούτου
1315 1629 1406 1684 καὶ
1463 1631 1555 1684 διὰ
1600 1641 1713 1684 τῶν
1762 1632 1900 1699 πρὸς

202 1721 326 1773 τόδε
375 1720 618 1789 δεήσεων
655 1723 848 1789 βοηθῶ
895 1726 970 1793 τῷ
1017 1722 1196 1789 πατρί.
1267 1720 1350 1773 18.
1391 1718 1533 1774 ἔνθα
1557 1727 1759 1790 ’πρῶτα
1797 1719 1900 1788 μὲν

201 1817 316 1871 τοῖς
361 1827 419 1862 τε
470 1810 682 1878 ἄλλοις,
729 1810 822 1862 ἵνα
860 1807 1106 1879 βραχέως
1144 1817 1218 1881 τῷ
1262 1811 1407 1881 λόγῳ
1454 1811 1761 1879 χρήσωμαι,
1806 1807 1900 1862 καὶ

203 1898 474 1967 δάκρυσιν
519 1896 862 1967 ἐξευμένιζον
900 1896 990 1951 καὶ
1033 1905 1360 1967 στεναγμοῖς
1398 1896 1489 1950 καὶ
1528 1906 1731 1968 χειρῶν
1769 1897 1900 1950 ἀνα-

202 1987 450 2054 τάσεσιν,
501 1985 592 2040 ἐπὶ
638 1986 831 2050 τέλους
884 1984 945 2040 δὲ
991 1987 1084 2040 καὶ
1131 1987 1299 2057 εὐχὴν
1353 1986 1616 2056 εὐξάμην,
1662 1987 1899 2056 μεγάλης
1922 2006 1968 2039 80

203 2076 631 2145 εὐγνωμοσύνης
669 2076 817 2129 πάνυ
855 2095 940 2129 τοι
980 2074 1117 2144 μέγα
1156 2077 1465 2146 τεκμήριον.
1512 2077 1546 2144 ἡ
1586 2072 1648 2128 δὲ
1686 2072 1827 2144 <ἧν>
1864 2070 1899 2143 ἦ

202 2166 311 2234 μὴν
357 2164 628 2218 τάλαντον
679 2164 1014 2234 ἀφιερώσειν
1068 2165 1243 2228 εὐθὺς
1296 2172 1392 2234 τῆς
1446 2164 1609 2234 εὐχῆς
1661 2166 1900 2234 τυχόντα

203 2251 294 2307 καὶ
332 2261 434 2307 τοῦ
472 2252 714 2321 μεγάλου
754 2254 920 2307 τοῦδε
958 2254 1230 2307 κινδύνου
1264 2253 1657 2322 ἀνενεγκόντος
1687 2254 1898 2323 τούμοῦ

203 2345 424 2412 πατρός.
462 2341 612 2409 κάγὼ
652 2338 754 2411 μὲν
792 2342 968 2405 οὕτως
1002 2340 1243 2412 εὐξάμην
1273 2343 1363 2395 καὶ
1396 2342 1540 2396 οὕτω
1571 2344 1901 2412 πεπλήρωκα

205 2431 306 2500 οὐχ
355 2432 500 2494 ὅπως
545 2451 639 2500 μοι
684 2429 950 2500 μέμψεται
1004 2438 1100 2499 τῆς
1154 2431 1316 2501 εὐχῆς
1361 2430 1390 2484 ὁ
1437 2432 1614 2501 πατὴρ
1668 2431 1900 2498 ὑγιάνας
1922 2449 1965 2483 25

206 2521 284 2582 εἰς
322 2527 464 2573 νοῦν
502 2520 760 2589 εἰληφώς,
800 2519 938 2573 ἀλλὰ
975 2518 1068 2573 καὶ
1108 2520 1328 2588 ἀγαπᾶν
1366 2521 1626 2589 μειζόνως
1656 2521 1899 2590 προσθή-

206 2622 290 2660 σει
328 2609 556 2677 ταυτηνὶ
595 2609 697 2677 τὴν
743 2617 941 2674 πεῖραν
989 2608 1313 2679 τελεωτέρας
1359 2608 1571 2677 ἀγάπης
1615 2610 1899 2678 πρόφασιν

328 2803 350 2840 1
386 2796 565 2855 ἐγένετο
599 2799 642 2841 V
758 2803 811 2842 11
845 2793 873 2856 ᾖ
900 2797 1066 2855 scripsi
1090 2812 1194 2842 cum
1219 2798 1412 2842 Kurtzio
1472 2793 1501 2854 ἦ
1529 2798 1570 2840 V
1625 2796 1654 2854 ἢ
1681 2799 1781 2855 141²·

208 2861 262 2899 17
294 2865 478 2912 πρῶτον
513 2859 557 2902 V
580 2857 636 2901 cf.
670 2873 714 2914 p.
744 2861 843 2912 154,
857 2862 912 2900 24
1057 2862 1114 2901 20
1153 2857 1387 2908 ἐπιτέλους
1410 2858 1454 2901 L
1597 2861 1651 2900 21
1694 2857 1748 2900 οὐ
1790 2858 1899 2899 ante

205 2914 334 2960 πάνυ
367 2917 411 2960 V
446 2918 452 2971 Ι
493 2916 738 2973 τεκμήριον
769 2914 853 2972 ἥδε
876 2931 940 2973 pr
967 2919 973 2973 Ι
1001 2911 1059 2971 ἦν
1082 2917 1258 2960 inserui
1379 2920 1434 2959 23
1466 2922 1549 2959 τοῦ
1582 2915 1693 2971 ἐμοῦ
1712 2929 1781 2971 >pr

208 2978 263 3017 25
296 2973 525 3031 μέμψεται
557 2975 723 3032 scripsi
756 2989 860 3019 cum
892 2974 1084 3019 Kurtzio
1145 2973 1382 3031 μέμψηται
1406 2975 1555 3030 LVpr
