2020 3146
230 136 303 188 54
647 136 876 182 LIBANH
903 137 1294 183 DEOLAMATIO
1326 137 1496 183 XXXII

230 274 315 324 δεῖ
345 275 633 342 πρίασθαι,
666 273 803 326 ἀλλὰ
833 275 1106 343 πρίασθαι
1135 276 1308 342 μόνον
1339 285 1445 336 πᾶς
1474 293 1557 336 τις
1587 272 1657 326 ἂν
1689 272 1919 337 εὔξαιτο.

230 361 317 414 22.
356 363 583 431 ἔρχομαι
624 359 685 414 δὲ
725 364 803 425 εἰς
841 361 1015 432 ἀγρὸν
1054 362 1156 416 οὐκ
1195 365 1423 416 οἰκετῶν
1469 365 1692 415 πολλῶν
1731 360 1920 431 ἑπομέ-

229 469 361 517 νων,
403 450 503 519 οὐχ
543 451 743 519 ἵππων,
784 451 884 520 οὐχ
924 452 1188 520 ἡμιόνων,
1229 449 1360 505 οὐδὲ
1391 453 1496 521 γὰρ
1527 450 1786 519 κέκτημαι
1818 451 1920 518 τὴν

231 537 422 607 ἀρχήν,
462 538 601 592 ἀλλὰ
638 538 730 591 καὶ
770 542 898 603 τοὺς
937 542 1162 609 ἔχοντας
1195 540 1327 594 ἐλεῶ
1358 539 1448 593 καὶ
1483 540 1717 609 σιδηρᾶν
1755 539 1920 608 ἡγοῦ-

185 647 205 680 5
228 647 325 693 μαι
364 629 547 697 ψυχὴν
586 625 749 697 ἔχειν,
791 631 841 681 εί
877 630 948 698 μὴ
989 631 1239 698 γίνονται
1278 625 1407 682 αὗοι
1438 630 1720 682 τοσούτων
1759 627 1919 696 ἀλφί-

229 735 341 768 των
371 715 462 769 καὶ
492 723 711 786 κριθῶν
744 717 1210 788 ἀναλισκομένων,
1251 717 1371 772 ἀλλ’
1410 716 1595 787 ἔμοιγε
1627 717 1655 770 ὁ
1689 716 1920 787 Κέρδων

230 803 413 857 ἕπεται
467 807 664 874 μόνος,
718 800 760 877 ᾧ
815 804 907 859 καὶ
967 807 1106 877 πρὸς
1166 806 1411 875 τοῦνομα
1465 809 1636 875 χαίρω
1691 803 1781 858 καὶ
1836 804 1920 858 ὅτι

230 895 420 961 χρείαν
457 895 593 947 ὄνου
633 899 834 964 πληροῖ
871 896 936 948 τὰ
977 896 1266 964 στρώματα
1299 894 1503 965 φέρων,
1543 893 1728 947 ἐλθὼν
1760 890 1822 946 δὲ
1853 892 1920 946 οὐ

231 981 420 1051 δέομαι
459 984 801 1052 πλατυτάτης
840 985 1127 1053 οἰκήσεως,
1173 982 1290 1037 ἀλλ’
1339 989 1416 1046 εἴς
1454 1004 1555 1036 του
1601 993 1713 1036 τῶν
1751 1001 1921 1051 γεωρ-

164 1091 207 1125 ιο
230 1080 347 1139 γῶν
387 1070 510 1134 ἑνὸς
550 1073 903 1140 εἰσοικίζομαι
941 1079 1018 1145 τῷ
1057 1072 1273 1126 ἐκείνου
1321 1074 1626 1144 σκιμποδίω
1665 1070 1756 1124 καὶ
1794 1090 1921 1140 τρα-

140 1163 261 1208 RIV
278 1168 363 1208 833
410 1163 571 1232 πεζίω
611 1163 908 1231 χρώμενος,
948 1161 1157 1215 ἐσθίων
1188 1162 1289 1215 ὅσα
1319 1161 1585 1229 κάκεῖνος,
1621 1162 1626 1229 Ι
1661 1160 1921 1229 κυάμους,

230 1251 500 1318 κρόμμυα,
539 1260 651 1303 τῶν
691 1250 901 1319 ἀγρίων
941 1251 1208 1320 λαχάνων.
1262 1251 1348 1303 23.
1389 1252 1440 1303 εί
1477 1247 1538 1303 δὲ
1581 1252 1742 1318 ὄρνιν
1781 1248 1921 1318 σφά-

231 1336 374 1400 ξειεν
412 1337 444 1406 ἢ
486 1339 564 1391 cbo}
602 1341 901 1408 παραθείη,
952 1340 1054 1393 οὐκ
1093 1338 1212 1408 ἐμοὶ
1252 1342 1544 1408 λογίζεται,
1593 1339 1659 1391 οὐ
1708 1339 1811 1406 γὰρ
1851 1336 1923 1390 ἂν

231 1425 495 1495 ἀψαίμην,
535 1427 673 1481 ἀλλὰ
712 1428 862 1492 ξένια
901 1429 1149 1482 δίδωσιν.
1198 1428 1232 1481 ἃ
1271 1427 1318 1481 δ’
1367 1427 1669 1497 ἀποφέρειν
1707 1447 1800 1495 μοι
1839 1424 1922 1479 τέ-

165 1534 207 1568 15
231 1534 420 1568 τακται
458 1517 547 1569 καὶ
580 1512 743 1580 οὗτος
773 1515 865 1570 καὶ
898 1518 956 1570 οἱ
982 1518 1167 1571 λοιποὶ
1199 1519 1451 1586 γεωργοί,
1481 1517 1621 1586 πρὸς
1653 1515 1923 1583 ἀργύριον

232 1603 470 1672 ἀκριβῶς
538 1606 903 1675 τιμησάμενος
965 1607 1209 1676 δραχμὰς
1285 1605 1386 1658 οὐκ
1451 1604 1637 1672 ὀλίγας
1707 1602 1922 1671 ἐκλέγω.

233 1693 535 1759 δελφάκιον
582 1694 643 1747 δὲ
689 1693 780 1747 καὶ
828 1695 973 1763 ἄρνα
1025 1693 1116 1748 καὶ
1170 1696 1369 1764 ἔριφον
1422 1695 1473 1747 εἰ
1516 1693 1606 1746 καὶ
1653 1693 1921 1760 δωροῐντό

352 1858 377 1895 3
419 1854 475 1897 cf.
508 1869 552 1910 p.
581 1859 723 1907 16,12
862 1859 887 1898 5
927 1855 1034 1898 Luc.
1068 1854 1179 1899 Tox.
1207 1859 1260 1898 16
1400 1858 1426 1896 6
1468 1853 1525 1897 cf.
1558 1868 1603 1909 p.
1633 1857 1760 1907 70,2.
1794 1852 1923 1896 Dem.

231 1910 432 1956 Nicostr.
465 1928 511 1968 p.
538 1918 666 1967 1252,
685 1918 755 1957 28.
786 1913 989 1959 Hel-ond.
1016 1919 1057 1969 6,
1075 1918 1145 1957 62.
1176 1914 1299 1957 Patr.
1325 1917 1381 1957 60

355 2065 377 2102 1
410 2058 646 2115 πρίασθαι
671 2067 711 2118 (1
740 2063 787 2105 et
819 2064 860 2118 2)
895 2062 1058 2118 scripsi
1091 2075 1116 2106 θ
1150 2062 1265 2106 VaB
1326 2063 1558 2117 πριᾶσθαι
1583 2061 1641 2104 Η
1645 2060 1825 2104 VMaGl
1855 2059 1922 2103 Re

236 2119 243 2172 Ι
281 2115 403 2168 ὅπως
434 2120 504 2164 Va
554 2125 558 2175 Ι
607 2118 678 2172 τίς
701 2122 809 2167 Hoz
928 2126 954 2164 3
986 2120 1220 2178 τηναρχήν
1245 2122 1291 2165 Β
1411 2125 1437 2164 5
1478 2120 1519 2164 εἰ
1545 2145 1600 2151 -—-
1626 2116 1734 2162 αὖοι
1766 2119 1816 2161 in
1847 2118 1922 2162 lae

237 2181 291 2220 15
323 2176 402 2221 litt
426 2179 494 2222 B²
529 2182 534 2235 Ι
570 2179 611 2223 εἰ
642 2195 716 2224 om
743 2181 888 2225 MaOZ
921 2182 927 2237 Ι
962 2180 1185 2237 γίνωνται
1209 2179 1408 2225 HMaGl
1447 2181 1454 2235 Ι
1496 2175 1565 2227 αὖ,
1589 2177 1633 2222 οἱ
1662 2178 1806 2222 ΜαΟί

235 2240 262 2279 6
287 2241 467 2291 κριθῶν
499 2239 579 2282 καὶ
611 2238 816 2296 ἀλφίτων
849 2239 965 2295 Va}
1008 2238 1321 2296 ἁλισκομένων
1368 2239 1414 2282 Β
1455 2240 1462 2294 Ι
1505 2235 1529 2282 ὁ
1561 2235 1740 2292 κέρδων
1770 2237 1819 2279 in
1850 2236 1923 2280 lac

236 2298 260 2336 7
294 2294 374 2338 litt
398 2296 467 2339 Β2
516 2300 522 2353 Ι
571 2298 765 2354 Κέρδων
805 2299 968 2355 scripsi
1002 2298 1093 2342 coll
1122 2313 1167 2354 p.
1195 2303 1307 2352 70‚2
1349 2300 1398 2341 et
1426 2297 1555 2341 Dem.
1589 2295 1673 2341 1.1.
1743 2294 1922 2350 κέρδιον

232 2353 344 2396 libri
375 2355 444 2398 Re
589 2362 611 2399 7
646 2350 681 2413 ᾦ
712 2357 877 2414 scripsi
910 2373 933 2401 e
959 2358 1233 2402 MaOlVaB
1265 2371 1369 2400 cum
1399 2355 1607 2400 Iacobsio
1641 2354 1781 2398 Schul
1858 2352 1922 2397 ὧν

235 2412 341 2457 HV
368 2415 486 2458 Mon
547 2412 601 2459 οὗ
633 2416 700 2459 Re
823 2423 847 2460 9
880 2416 946 2467 εἴς
975 2420 1058 2460 τὀυ
1091 2417 1255 2473 scripsi
1286 2430 1310 2460 e
1336 2418 1382 2461 B
1414 2430 1518 2460 cum
1548 2413 1757 2458 Iaoobsio
1783 2413 1923 2456 Schul

234 2473 283 2515 et
315 2471 487 2517 Oobeto
521 2473 619 2518 Coll
652 2479 735 2518 303
800 2478 865 2526 εἰς
893 2482 975 2520 τοῦ
1002 2477 1059 2520 H
1066 2475 1247 2520 VMaGl
1278 2476 1345 2520 Re
1406 2475 1471 2526 εἰς
1503 2475 1571 2518 Va
1597 2474 1604 2531 Ι
1631 2480 1721 2516 τῶν
1753 2487 1827 2515 om
1853 2474 1926 2517 Va

239 2531 244 2588 Ι
281 2527 413 2575 οἶκον
445 2534 553 2576 ante
585 2542 797 2591 γεωργῶν
826 2537 894 2579 Va
917 2537 965 2578 eb
987 2535 1112 2578 inser
1136 2534 1205 2579 Β*
1326 2538 1380 2578 10
1414 2533 1517 2584 ἑνὸς
1544 2532 1793 2576 delendum
1818 2545 1923 2574 cen-

236 2589 332 2633 suit
357 2590 556 2635 Cobetus
586 2595 636 2636 at
667 2593 724 2636 cf.
749 2608 794 2649 p.
823 2598 892 2648 32,
912 2599 966 2637 14
994 2600 1001 2650 Ι
1029 2591 1257 2650 οἰκίζομαι
1280 2594 1351 2637 Va
1378 2595 1384 2647 Ι
1411 2590 1567 2637 κείνου
1592 2592 1650 2636 H
1670 2593 1675 2647 Ι
1704 2589 1923 2646 σκίμποδι

246 2649 317 2693 Va
343 2651 349 2706 Ι
376 2648 601 2709 τραπεζίῳ
634 2651 798 2707 scripsi
831 2667 855 2696 e
882 2653 1153 2697 MaClVaB
1213 2651 1418 2708 τραπέζω
1444 2653 1502 2696 H
1553 2648 1752 2708 τραπέζῃ
1786 2651 1829 2693 V
1854 2649 1922 2692 Re

359 2714 412 2751 12
444 2710 633 2754 θύσειεν
666 2712 735 2754 Va
767 2713 815 2754 et
845 2726 987 2767 supra
1018 2710 1236 2768 σφάξειεν
1265 2711 1333 2756 B2
1455 2715 1509 2753 14
1543 2706 1572 2752 ἅ
1596 2710 1740 2754 ΗΜα
1767 2710 1772 2764 Ι
1801 2707 1852 2752 δὲ
1876 2709 1922 2752 Β

237 2767 321 2810 sed
345 2768 499 2818 οὐδεὶς
521 2769 571 2811 in
595 2783 696 2812 mar
789 2771 943 2820 οὐδεὶς
969 2771 1036 2814 Va
1162 2776 1213 2813 15
1247 2767 1382 2821 οὗτος
1398 2771 1442 2814 Β
1466 2769 1548 2812 sed
1572 2766 1689 2812 οὕτω
1708 2780 1923 2823 suprascr

237 2825 309 2869 m²
376 2825 494 2871 οὕτω
529 2829 597 2871 Va
659 2845 787 2872 ουτοι
814 2829 958 2873 Mace
1006 2831 1011 2884 Ι
1063 2828 1092 2871 ἃ
1126 2831 1233 2872 anize
1264 2829 1382 2884 πρὸς
1414 2830 1482 2873 Va
1512 2828 1559 2871 eb
1589 2827 1713 2871 inser
1737 2826 1806 2870 Β2

241 2889 294 2928 17
329 2885 449 2929 εἰ-
474 2891 545 2940 55,
566 2892 586 2929 1
621 2888 781 2943 γαστρὶ
819 2888 994 2930 inserui
1026 2901 1049 2930 e
1083 2888 1214 2931 libris
1290 2903 1366 2931 om
1397 2887 1463 2931 Re
1514 2889 1521 2943 Ι
1570 2886 1649 2929 καὶ
1686 2885 1811 2929 inser
1835 2886 1879 2928 B
1912 2886 1918 2941 Ι

238 2945 412 2998 δωροῖν
443 2944 575 3001 τόμοι
598 2946 798 2991 HMaol
810 2947 926 2990 VaB
