2020 3146
93 123 286 168 AVARI
318 121 395 167 OB
427 121 764 167 TALENTUM
787 122 1158 169 AESCULAPIO
1183 122 1400 168 VOTUM
1422 123 1618 169 ABDIC.
1685 125 1787 176 111

97 281 248 328 quam
288 263 617 312 autumabant
655 263 853 312 Libanii
898 263 1222 313 admiratores
1261 279 1516 328 magnam,
1559 264 1653 313 etsi
1691 280 1790 312 non

96 342 289 388 tantam
337 340 577 400 quantam
623 337 942 399 praecedens,
996 339 1212 400 gratiam
1262 337 1390 387 iniit.
1467 338 1643 400 Itaque
1690 355 1789 387 non

95 409 351 475 ‘corporis'
401 412 580 460 finibus
629 412 842 460 coercita
887 412 1093 475 mansit,
1150 411 1233 459 sed
1288 413 1440 460 etiam
1494 412 1545 459 in
1593 413 1789 476 eclogas

0 496 3 499 ’
93 487 333 550 quasdam
372 486 574 535 transiit
614 501 919 549 magnusque
959 487 1033 534 est
1071 501 1303 534 numerus
1346 487 1568 535 codicum
1609 487 1788 549 quibus

95 562 157 611 ad
190 562 317 609 hanc
349 562 565 609 aetatem
595 561 837 622 pervenit.
902 559 1028 607 Sunt
1060 563 1227 608 autem
1258 559 1311 607 hi
1345 562 1436 608 30:

202 636 394 698 Incipio
427 651 455 682 a
490 630 882 696 ‘corporalibus'.

207 713 252 757 1.
284 709 876 770 Hierosolymitanus
918 708 966 756 S.
1001 706 1207 756 Crucis
1250 709 1317 757 57
1360 702 1454 774 (=
1483 702 1569 774 Cr)
1608 709 1786 770 palim-

90 786 286 848 psestus
332 783 517 832 saeculi
553 777 745 848 XIJXII
783 782 1005 831 continet
1050 783 1171 831 folio
1218 784 1370 831 105Π
1399 783 1627 844 titulum,
1674 799 1786 845 pro-

91 858 350 918 theoriam,
384 857 585 904 initium
610 857 983 905 declamationis
1014 872 1173 918 usque
1198 857 1261 905 ad
1284 873 1331 918 p.
1361 859 1483 921 120,
1504 859 1569 905 12
1598 856 1679 905 ἵνα
1718 856 1784 921 μή

90 950 191 996 μοι,
222 932 344 980 folio
372 932 487 978 84π
513 931 663 979 verba
695 947 823 993 quae
855 932 932 980 his
965 931 1236 979 succedunt
1259 947 1416 993 usque
1449 931 1511 978 ad
1536 948 1583 994 p.
1612 933 1732 993 124,
1753 933 1784 979 9

89 1010 154 1073 τῷ
178 1012 434 1070 γαμοῦντι,
473 1005 595 1054 folio
633 1007 745 1053 73V¹
775 1005 927 1054 verba
959 1021 1086 1067 quae
1125 1005 1202 1053 his
1235 1005 1505 1054 succedunt
1534 1021 1689 1068 usque
1721 1006 1785 1053 ad

88 1098 135 1144 p.
165 1081 371 1139 128,18
406 1077 624 1128 ἔπειθον.
656 1077 762 1143 καὶ,
794 1079 914 1128 folio
950 1081 1065 1127 72vr
1103 1079 1254 1128 verba
1290 1079 1405 1127 inde
1438 1095 1468 1127 a
1498 1097 1545 1141 p.
1574 1082 1695 1140 132,
1717 1082 1782 1127 17

89 1151 237 1203 οὐδὲν
268 1151 331 1201 ἂν
361 1154 550 1203 τούτων
573 1169 732 1216 usque
758 1154 820 1201 ad
843 1171 891 1216 p.
921 1156 1041 1215 136,
1061 1156 1131 1202 20
1154 1152 1317 1216 πάλιν,
1347 1154 1469 1202 folio
1497 1156 1612 1203 8οΠ
1633 1153 1785 1202 verba

90 1244 216 1290 quae
247 1229 324 1276 his
357 1228 623 1277 succedunt
653 1243 808 1290 usque
842 1229 905 1277 ad
935 1228 1084 1276 finem
1115 1245 1162 1290 p.
1192 1230 1313 1289 141,
1332 1230 1363 1275 4
1395 1227 1571 1294 τροφή.
1619 1228 1783 1276 Unum

87 1303 244 1367 igitur
289 1303 465 1350 folium
506 1318 604 1364 quo
647 1302 799 1351 verba
831 1319 878 1364 p.
907 1304 1028 1363 128,
1050 1304 1116 1351 18
1150 1309 1248 1351 τῶν
1288 1300 1376 1365 μὲν
1410 1297 1783 1366 Ἀσκληπιαδῶν

86 1392 241 1438 usque
268 1378 330 1424 ad
354 1394 401 1438 p.
423 1378 544 1438 132,
564 1378 629 1424 17
649 1376 886 1425 τάλαντον
912 1376 1294 1425 continebantur
1316 1377 1478 1439 periit.
1512 1376 1609 1424 Sed
1633 1376 1780 1424 etiam

86 1452 138 1498 in
170 1451 304 1499 foliis
338 1450 685 1513 superstitibus
716 1452 877 1499 multa
910 1467 1056 1514 aegre
1087 1451 1167 1499 vel
1207 1452 1406 1499 omnino
1450 1467 1549 1499 non
1581 1451 1782 1513 dispici-

86 1528 249 1573 untur.
298 1525 424 1572 Vide
450 1527 486 1573 t.
510 1525 557 1571 V
588 1542 634 1587 p.
666 1518 770 1573 154
789 1541 860 1588 sq.
907 1526 1118 1573 Excussi
1150 1528 1198 1573 et
1224 1541 1349 1586 quae
1382 1525 1482 1589 legi
1513 1527 1785 1588 potuerunt

86 1599 338 1648 adnotavi.

199 1676 245 1723 2.
278 1673 878 1736 Hierosolymitanus
912 1672 960 1721 S.
994 1673 1271 1736 Sepulcri
1306 1675 1409 1722 107
1437 1666 1533 1739 (=
1558 1667 1630 1740 H)
1656 1689 1781 1721 saec.

85 1746 205 1795 XIV
235 1748 320 1796 fol.
350 1749 433 1796 96.
494 1748 621 1796 Vide
652 1750 687 1795 t.
713 1748 759 1794 V
790 1765 836 1810 p.
866 1749 971 1797 150
989 1763 1058 1809 sq.
1124 1747 1337 1796 Contuli.

200 1823 245 1870 3.
278 1822 603 1871 Vaticanus
645 1839 714 1886 gr.
750 1823 856 1870 940
898 1815 994 1888 (=
1019 1817 1088 1887 V)
1130 1837 1253 1870 saec.
1279 1816 1544 1888 XIIIsXIV
1583 1821 1668 1870 fol.
1696 1823 1779 1871 81.

88 1894 349 1944 Correctus
382 1900 456 1944 est
485 1912 639 1944 manu
671 1896 900 1944 secunda.
952 1896 1074 1943 Vide
1106 1899 1141 1945 t.
1166 1897 1213 1943 V
1244 1913 1291 1958 p.
1320 1899 1422 1946 152
1443 1912 1514 1958 sq.
1564 1895 1781 1945 Contuli.

200 1972 247 2017 4.
279 1970 727 2018 Laurentianus
758 1969 899 2018 LVII
926 1972 991 2018 27
1044 1986 1172 2019 anno
1209 1972 1348 2019 1392
1392 1986 1417 2018 e
1457 1970 1622 2019 codice
1669 1986 1781 2019 cum

84 2044 162 2092 his
194 2046 404 2108 cognato
437 2044 712 2105 descriptus
742 2045 829 2092 fol.
857 2046 1000 2092 172V.
1063 2044 1191 2092 Vide
1222 2047 1257 2092 t.
1282 2044 1308 2092 Ι
1339 2062 1386 2106 p.
1414 2045 1480 2093 59
1500 2060 1571 2106 sq.

197 2119 272 2166 Ex
303 2119 394 2166 hoc
426 2119 699 2180 descriptus
734 2121 808 2166 est

199 2194 244 2240 5.
277 2192 874 2242 Wolfenbuttelanus
894 2193 996 2241 511
1027 2191 1335 2241 Gudianus
1360 2209 1431 2256 gr.
1454 2195 1519 2241 77
1547 2208 1670 2241 saec.
1688 2192 1781 2239 XV

86 2266 171 2314 fol.
199 2267 318 2314 186.
355 2267 477 2315 Vide
500 2270 536 2315 t.
562 2267 586 2314 I
610 2284 656 2328 p.
686 2267 752 2315 59
772 2282 842 2328 sq.
877 2266 1102 2315 Contulit
1124 2267 1326 2316 Reiskia
1348 2269 1401 2315 in
1425 2283 1569 2316 usum
1593 2266 1779 2321 mariti,

87 2339 172 2401 qui
204 2356 315 2388 cum
346 2341 514 2389 littera
557 2342 627 2390 W
649 2340 923 2404 insignivit.

197 2416 242 2462 6.
275 2415 720 2463 Escurialensis
750 2411 952 2464 'LII-9
980 2408 1111 2481 (145
1137 2416 1191 2462 in
1216 2416 1445 2479 catalogo
1469 2408 1777 2480 Milleriano)

86 2502 209 2536 saec.
234 2488 353 2535 XVI
391 2489 663 2551 descriptus
703 2504 760 2536 ex
799 2488 1015 2537 editione
1054 2489 1359 2538 Ferrariensi
1397 2505 1525 2551 quae
1556 2489 1778 2537 Wolfen-

84 2561 395 2609 buttelanum
427 2563 616 2611 fontem
646 2562 834 2610 habuit.
896 2562 1023 2611 Vide
1054 2564 1088 2610 t.
1113 2563 1140 2611 I
1169 2580 1217 2626 p.
1244 2564 1326 2612 67.

201 2638 244 2683 7.
292 2635 737 2685 Laurentianus
781 2635 921 2684 LVII
957 2639 1020 2685 21
1073 2653 1198 2686 saec.
1229 2631 1463 2702 XIVJXV
1510 2636 1594 2685 fol.
1632 2637 1776 2685 160'.

86 2708 212 2757 Vide
243 2712 278 2758 t.
303 2710 348 2756 V
379 2727 426 2771 p.
455 2711 558 2759 158
578 2726 649 2772 sq.

200 2785 245 2832 8.
279 2784 649 2833 Barberinus
674 2784 726 2831 II
751 2786 815 2832 41
844 2800 976 2832 nunc
999 2785 1272 2833 Vaticanus
1296 2784 1442 2832 Barb.
1470 2785 1577 2833 220
1597 2777 1690 2849 (=
1708 2777 1776 2848 Β)

84 2870 208 2905 saec.
232 2857 324 2904 XV
362 2858 446 2906 fol.
475 2859 595 2907 339.
656 2858 784 2905 Vide
823 2861 859 2907 t.
883 2858 910 2906 I
946 2875 994 2920 p.
1022 2860 1091 2908 30
1109 2874 1181 2920 sq.
1246 2857 1468 2906 Contulit
1514 2873 1678 2905 meum
1724 2856 1775 2903 in

84 2945 228 2977 usum
259 2930 376 2979 Pius
406 2931 620 2979 Franchi
652 2931 711 2979 de
744 2931 1029 2980 Cavaleriis.
