2014 3158
254 124 363 176 512
694 122 922 166 LIBANII
952 121 1342 167 DECLAMATIO
1374 121 1517 165 XLIV

254 261 384 320 τοὺς
422 256 521 321 ἔξω
561 267 656 327 τῆς
697 259 870 321 αἰτίας
911 255 1021 327 ἔχει
1061 259 1185 311 τινὰ
1224 267 1339 320 τοῖς
1378 258 1604 319 δικαίως
1647 257 1950 324 ἀπολουμέ-

253 367 372 409 νοις
412 346 634 416 ἡδονήν.
697 347 783 399 61.
823 346 920 400 ἕνα
959 348 1170 399 τούτων
1218 345 1471 415 ἐνόμιζον
1516 344 1606 398 καὶ
1651 347 1750 399 τὸν
1789 344 1948 409 ξένον

253 435 466 489 ἐκεῖνον
505 435 594 488 καὶ
633 444 698 506 τῇ
737 437 875 505 πρὸς
912 436 1013 504 τὴν
1053 430 1221 488 πόλιν
1261 437 1499 507 προνοίᾳ
1538 443 1602 505 τῇ
1650 435 1798 505 παρὰ
1835 443 1948 488 τῶν

251 527 439 592 νόμων
478 523 641 588 ὀξέως
682 525 1019 594 ἐχρησάμην,
1067 527 1139 593 μή
1188 544 1239 577 τι
1288 524 1432 593 ῥῆμα
1470 524 1672 587 ψευδὲς
1711 523 1947 592 ἐμπεσὸν

206 635 227 668 5
252 612 526 683 ἀνατρέψῃ
566 615 633 666 τὰ
672 613 861 666 πάντα.
903 615 951 666 εἰ
992 610 1039 666 δ’
1088 613 1190 666 οὐκ
1229 613 1415 682 ὀρθῶς
1455 612 1734 680 ἐδόξαζον,
1777 613 1946 682 ἥμαρ-

250 722 365 770 τον,
405 703 507 755 οὐκ
546 702 792 770 ἠδίκουν.
832 705 974 755 πολὺ
1007 701 1084 769 δέ,
1117 696 1284 771 οἶμαι,
1326 701 1575 770 διέστηκε
1606 710 1781 764 κακῶς
1811 701 1946 755 ὑπο-

251 793 443 859 λαβεῖν
481 790 513 859 ἢ
546 792 825 861 τύραννον
865 791 1083 859 ἀγαπᾶν
1115 790 1205 843 καὶ
1238 791 1303 845 οὐ
1336 791 1540 844 ταύτὸν
1573 792 1751 859 δήπου
1785 805 1945 859 στρα-

249 880 414 948 τηγὸς
459 881 657 942 εὔνους
703 879 789 933 καὶ
840 881 1046 946 μάντις.
1102 880 1130 934 ὁ
1178 877 1279 949 μὲν
1327 875 1430 933 οὖν
1479 882 1654 948 φόβος
1702 878 1768 931 ὃν
1815 878 1945 950 ἐφο-

250 970 437 1036 βήθην
477 969 695 1031 εὐνοίας
733 965 826 1037 ἧν,
874 970 934 1022 τὸ
977 969 1038 1022 δὲ
1077 969 1250 1038 μηδὲν
1298 968 1566 1037 ἀγνοῆσαι
1607 977 1719 1021 τῶν
1759 967 1945 1037 ἐσομέ-
1982 1007 1984 1009 >

185 1081 227 1113 ιο
251 1077 366 1109 νων
406 1059 572 1126 ἄλλης
613 1057 785 1111 ἐδεῖτο
826 1057 1030 1127 τέχνης.
1851 1061 1853 1063 ’

361 1145 446 1198 62.
471 1145 591 1199 ’Έτι
629 1150 825 1199 τοίνυν
857 1147 1020 1209 αὐτὸς
1061 1146 1270 1208 ἐκεῖνος
1300 1155 1525 1217 παρεῖχε
1558 1147 1654 1209 τὰς
1684 1146 1942 1214 ὑποψίας,

248 1233 308 1296 ὃς
348 1233 508 1303 ἀφεὶς
548 1235 640 1303 ἐμὲ
678 1235 767 1288 καὶ
806 1237 936 1298 τοὺς
975 1237 1272 1305 πρυτάνεις
1310 1234 1402 1288 καὶ
1434 1237 1529 1298 τὰς
1570 1237 1737 1298 ἄλλας
1776 1234 1944 1304 ἀρχὰς

246 1325 348 1391 τὴν
388 1322 681 1392 ἐκκλησίαν
733 1325 833 1377 τὸν
878 1327 1053 1393 νόμον
1103 1325 1456 1394 ὑπερβαίνων
1505 1324 1648 1393 ἑώρα
1697 1322 1787 1376 καὶ
1834 1333 1945 1377 τῶν

248 1411 560 1481 λεγομένων
599 1411 689 1465 καὶ
724 1412 1086 1483 κυρουμένων
1117 1413 1368 1480 ἠκροᾶτο.
1409 1421 1507 1466 τοῦ
1541 1410 1602 1465 δὲ
1634 1413 1942 1482 μηνύοντος

181 1524 223 1557 15
248 1501 314 1553 οὐ
355 1500 812 1570 σκευωρουμένου
851 1503 906 1555 τί
941 1501 1061 1555 ποτ’
1107 1499 1199 1571 ἧν;
1249 1502 1438 1555 ἐλθεῖν
1481 1500 1570 1554 ἐπὶ
1611 1502 1671 1554 τὸ
1713 1503 1940 1571 στρατή-

245 1609 393 1657 γιον,
441 1592 615 1643 εἰπεῖν
661 1590 746 1643 ὅτι
791 1591 1050 1659 βούλοιτο
1098 1589 1469 1659 συγγενέσθαι
1509 1595 1583 1661 τςό
1635 1596 1937 1662 στρατηγῷ,

244 1681 551 1745 καταμόνας
584 1677 851 1748 ἐντυχεῖν,
884 1680 1262 1750 διαλεχθῆναι,
1296 1681 1686 1748 διηγήσασθαι,
1723 1678 1938 1742 διδάξαι

244 1777 360 1829 πῶς
398 1770 505 1835 ἔφυ
543 1768 604 1820 τὸ
643 1771 831 1836 κακόν,
869 1777 966 1821 ποῖ
995 1770 1230 1838 πρόεισι,
1276 1771 1356 1830 τίς
1396 1767 1424 1821 ὁ
1466 1769 1754 1836 τύραννος,
1793 1770 1939 1828 τίνες

244 1857 298 1908 οἱ
339 1857 623 1924 συνεργοί,
678 1858 750 1925 μὴ
797 1856 930 1926 πρὶν
980 1856 1176 1926 ὀνῆσαι
1222 1858 1321 1910 τὸν
1368 1858 1567 1925 δῆμον,
1620 1856 1827 1924 βλάψαι
1873 1863 1937 1924 τῇ

366 1992 389 2030 1
434 1985 768 2042 ἀπολλυμένοις
800 1989 862 2031 M
870 1988 927 2032 Vi
1003 1986 1362 2043 ἀπολλουμένοις
1397 1988 1447 2032 ΟΖ
1591 1991 1616 2029 2
1660 1986 1836 2030 τούτων
1870 1987 1938 2030 Va

244 2045 327 2088 sed
359 2059 384 2089 e
414 2053 580 2090 τοῦτον
612 2060 712 2090 corr
743 2046 812 2088 m2
944 2051 968 2089 3
1001 2054 1056 2104 τῇ
1089 2061 1166 2090 om
1193 2048 1245 2092 01
1293 2047 1299 2104 Ι
1349 2047 1455 2102 περὶ
1488 2047 1545 2090 Va·
1561 2047 1625 2090 Va
1655 2045 1736 2090 sed
1768 2045 1818 2088 in
1849 2045 1936 2089 hoc

244 2104 294 2147 in
325 2104 453 2159 παρὰ
486 2118 586 2148 corr
617 2104 687 2148 m²
806 2111 834 2148 4
867 2105 989 2164 ἰσχύι
1022 2107 1104 2149 aut
1129 2106 1242 2164 ὀργῇ
1267 2108 1376 2162 post
1400 2103 1555 2162 νόμων
1581 2104 1808 2148 excidisse
1833 2104 1936 2148 coni

245 2163 326 2218 Re,
352 2162 534 2224 ἐξουσίᾳ
557 2163 720 2207 Iacobs
741 2164 854 2208 Lech
881 2167 886 2221 Ι
915 2165 1109 2209 ἐκπεσὸν
1130 2166 1186 2209 Vi
1308 2170 1332 2207 5
1360 2162 1614 2221 ἀνατρέψει
1634 2163 1686 2208 Ol
1746 2163 1936 2218 ἀνατρέ-

244 2232 331 2277 ψοι
354 2224 480 2268 BVa
514 2228 520 2279 Ι
554 2222 612 2267 τὰ
643 2223 818 2267 inserui
851 2237 874 2267 e
901 2225 1072 2268 MViB
1086 2225 1153 2268 Va
1214 2238 1289 2268 orn
1315 2224 1414 2268 Lol
1446 2224 1537 2267 edd
1576 2226 1581 2281 Ι
1609 2221 1820 2278 παρόντα
1844 2224 1889 2266 Β
1921 2222 1930 2291 J

244 2280 296 2325 δὲ
322 2283 448 2326 BVa
475 2285 481 2338 Ι
509 2282 588 2326 καὶ
613 2280 819 2338 ἥμαρτον
846 2282 920 2327 vel
943 2281 1150 2339 ἥμαρτον
1174 2283 1227 2327 δέ
1251 2283 1354 2327 coni
1381 2283 1536 2326 Gasda
1657 2286 1680 2325 7
1715 2280 1742 2337 ἢ
1769 2281 1934 2338 scripsi

245 2354 270 2383 e
304 2343 366 2385 M
373 2342 555 2385 ViBVa
594 2341 685 2384 edd
768 2342 847 2385 καὶ
879 2343 980 2387 LC'l
1135 2347 1187 2385 12
1232 2343 1310 2386 καὶ
1333 2343 1393 2399 (2)
1436 2368 1490 2374 —-
1532 2340 1678 2400 ἀρχὰς
1717 2354 1792 2384 om
1826 2341 1877 2386 Ol
1924 2340 1930 2400 Ι

245 2399 391 2456 ἀρχὰς
434 2399 598 2456 scripsi
643 2413 667 2443 e
708 2401 767 2443 Μ
777 2402 957 2446 ViBVa
1002 2415 1107 2445 cum
1149 2401 1362 2445 Iacobsio
1405 2402 1516 2445 Lect
1559 2400 1717 2443 Gasda
1761 2398 1933 2444 Cobeto

245 2459 362 2506 Misc
396 2464 480 2502 154
519 2459 619 2503 Coll
651 2464 735 2503 295
811 2461 954 2517 τύχας
978 2461 1022 2505 L
1059 2461 1152 2503 edd
1191 2460 1273 2503 sed
1314 2461 1500 2514 „malim
1529 2459 1691 2515 τιμάς“
1728 2459 1792 2503 Re

248 2523 300 2560 13
325 2518 407 2562 τὸν
431 2516 576 2575 νόμον
600 2518 765 2574 scripsi
789 2533 812 2562 e
834 2521 896 2564 M
902 2520 1061 2564 ViOlB
1073 2520 1140 2563 Va
1164 2522 1218 2562 ut
1241 2519 1346 2563 coni
1365 2520 1431 2563 Re
1492 2527 1583 2562 τῶν
1609 2518 1763 2574 νόμων
1782 2518 1825 2561 L
1842 2517 1932 2560 edd
2013 2554 2014 2557 ,

366 2582 419 2620 15
449 2576 826 2633 σκευωρουμένου
851 2578 1015 2635 scripsi
1042 2591 1066 2621 e
1086 2580 1147 2622 M
1154 2578 1313 2623 ViClB
1325 2580 1394 2623 Va
1419 2577 1500 2622 sed
1524 2577 1574 2620 in
1597 2577 1686 2620 hoc
1710 2593 1760 2620 ευ
1785 2577 1833 2619 in
1857 2590 1931 2619 ras

246 2635 314 2679 m²
391 2635 767 2692 σκαιωρουμένου
794 2638 836 2681 L
868 2638 959 2681 edd
993 2638 1074 2680 sed
1107 2636 1485 2694 σκευωρουμένου
1519 2637 1623 2679 coni
1647 2637 1749 2679 Mor
1781 2635 1839 2679 cf.
1873 2635 1933 2677 ad

245 2710 288 2752 p.
313 2699 411 2748 211,
430 2699 456 2737 5
481 2698 528 2738 et
553 2699 652 2749 325,
673 2699 725 2738 15
754 2698 760 2750 Ι
788 2711 899 2740 ποτε
918 2698 1022 2740 ΜΒ
1035 2698 1103 2741 Va
1129 2699 1135 2752 Ι
1162 2696 1244 2740 τὸν
1268 2696 1335 2738 Re
1458 2701 1511 2739 16
1547 2693 1615 2739 ὅτι
1639 2695 1802 2750 scripsi
1826 2709 1850 2737 e
1877 2695 1934 2738 Vi

305 2752 333 2796 ὅ
351 2770 395 2796 τι
419 2754 588 2809 reliqui
611 2754 719 2798 libri
743 2755 832 2798 edd
859 2758 865 2810 1
893 2758 1115 2810 punctum
1144 2757 1250 2811 posb
1266 2755 1475 2812 βούλοιτο
1500 2754 1610 2797 libri
1629 2754 1718 2797 edd
1782 2753 1931 2796 delevi

248 2817 252 2869 ι
290 2826 470 2856 comma
499 2815 607 2868 post
638 2817 870 2871 στρατηγῷ
895 2814 1084 2868 inserui,
1117 2813 1250 2857 colon
1274 2815 1330 2858 Vi
1392 2827 1467 2856 om
1499 2812 1669 2867 reliqui
1699 2812 1808 2855 libri
1839 2812 1930 2855 edd

365 2877 417 2914 17
452 2885 632 2915 comma
662 2875 770 2928 post
800 2870 1067 2928 καταμόνας
1091 2874 1236 2918 LGlB
1248 2874 1318 2917 Va
1352 2873 1443 2915 edd
1506 2872 1655 2915 delevi
1683 2876 1688 2926 Ι
1724 2872 1929 2926 ἐντυχεῖν

245 2929 495 2973 delendum
512 2933 669 2974 censet
687 2931 751 2973 Re
876 2936 928 2974 18
952 2930 1162 2985 πρόεισιν
1181 2933 1271 2975 LB
1289 2932 1380 2974 edd
1505 2935 1557 2973 19
1584 2929 1747 2986 ὀνῆσαι
1764 2928 1928 2984 scripsi
