2014 3158
697 175 853 220 MAGI
882 175 1157 220 REPULSA
1662 175 1770 229 377

81 322 194 368 τῶν
232 312 484 384 πατέρων
524 310 583 366 δὲ
629 314 922 382 παρόντων
965 310 1058 365 καὶ
1103 321 1215 365 τῶν
1262 313 1549 382 ὀνομάτων
1588 312 1621 366 ἃ
1659 322 1774 376 τοῖς

81 404 293 456 τούτων
331 398 401 471 ἧν
439 400 629 456 παισὶν
672 402 732 455 ἐν
777 410 894 465 τοῖς
940 404 1165 472 κλήροις
1211 401 1479 471 κειμένων
1525 400 1616 455 καὶ
1663 411 1774 455 τῶν

83 490 277 562 ἐφεξῆς
326 490 719 562 πραττομένων
772 488 966 560 ἔλαχεν
1013 490 1042 544 6
1089 498 1189 544 τοῦ
1243 491 1419 543 πολλὰ
1472 488 1563 543 καὶ
1618 491 1773 544 δεινὰ

81 581 282 635 τούτου
324 581 654 650 δεδρακότος
692 581 827 643 υἱός.
881 578 971 632 καὶ
1012 578 1490 649 ἐπηκολούθησεν,
1531 580 1603 642 ὡς
1643 585 1774 648 ἴστε,

79 671 299 741 κρότος,
340 669 422 723 ὅτι
464 670 530 738 δὴ
579 670 742 723 δυοῖν
788 667 1085 739 ἐμέλλομεν
1123 667 1534 733 ἀπαλλάξεσθαι
1574 678 1773 736 κακῶν,
1820 689 1840 721 5

81 763 276 828 λοιμοῦ
316 779 374 812 τε
412 757 502 812 καὶ
541 765 788 828 πονηροῦ
830 756 1148 828 σπέρματος.
1192 758 1274 811 13.
1307 758 1368 811 τὸ
1408 758 1510 828 μὲν
1549 753 1653 811 οὖν
1693 758 1773 810 δί-

80 867 240 901 καιον
286 844 356 917 ἦν
402 848 576 911 εὐθὺς
627 848 905 901 τεθύσθαι
955 847 1016 900 τὸ
1066 848 1271 917 ἱερεῖον
1305 847 1311 916 Ι
1346 845 1437 900 καὶ
1490 847 1591 916 τὴν
1638 851 1757 895 RIV
1776 854 1861 894 728

80 938 253 990 νόσον
292 936 700 1006 ἀπεληλυθέναι
738 934 830 989 καὶ
870 932 1014 990 εἶναι
1052 943 1161 990 νῦν
1198 937 1300 1005 τὴν
1344 938 1509 990 πόλιν
1547 934 1607 990 ἐν
1648 936 1772 990 δευ-

80 1025 263 1096 τέραις
299 1027 528 1089 θυσίαις
565 1035 684 1089 ταῖς
722 1024 810 1079 ἐπὶ
856 1034 932 1098 τῷ
972 1031 1253 1080 σεσῶσθαι
1299 1024 1389 1078 καὶ
1436 1033 1636 1080 τοῦτον
1674 1025 1773 1093 μά-

83 1120 240 1169 λιστα
293 1112 396 1184 μὲν
447 1115 520 1184 μὴ
576 1118 704 1168 λίαν
757 1114 946 1184 ἀλγεῖν
1002 1116 1075 1178 ὡς
1129 1114 1199 1168 ἄν
1259 1113 1350 1168 καὶ
1413 1114 1560 1187 αὐτῷ
1621 1135 1774 1178 τινος
1799 1136 1840 1167 ιο

80 1202 409 1274 γιγνομένης
459 1207 800 1274 φιλοτιμίας,
855 1205 902 1257 εἰ
943 1201 990 1257 δ’
1038 1205 1139 1274 οὐχ
1179 1197 1302 1259 οἷόν
1342 1224 1397 1258 τε
1438 1206 1600 1258 τοῦτό
1642 1203 1772 1274 [γε],

5 1299 9 1302 ’
78 1296 509 1361 προσποιεῖσθαί
552 1310 635 1362 γε·
690 1293 718 1347 ὁ
767 1291 828 1347 δὲ
875 1294 1084 1364 αἴρεται
1138 1291 1240 1364 μὲν
1289 1295 1427 1365 πρὸς
1481 1294 1582 1347 τὸν
1633 1294 1772 1346 θεὸν

10 1371 15 1424 ss
77 1384 336 1452 πόλεμον,
374 1392 716 1453 καταφρονεῖ
751 1380 812 1436 δὲ
851 1383 1025 1452 ὑμῶν,
1066 1376 1148 1446 οἷς
1179 1383 1242 1436 δὲ
1279 1381 1424 1451 λέγει
1464 1383 1564 1452 τὴν
1602 1384 1773 1436 νόσον

81 1470 305 1525 ἐκτείνει
344 1469 435 1525 καὶ
473 1473 553 1542 μὴ
591 1471 942 1543 προσέχετε
981 1479 1061 1545 τῷ
1098 1473 1358 1543 Πυθίῳ,
1400 1474 1588 1542 φησίν,
1630 1469 1773 1524 ἀλλ’

10 1551 23 1595 ‘-
78 1559 238 1630 ἐμοί.
278 1561 501 1614 παύσω
542 1562 659 1630 γὰρ
700 1561 814 1615 τὸν
847 1562 1079 1631 λοιμὸν
1114 1560 1251 1629 ἐγώ.
1290 1562 1394 1614 καὶ
1426 1562 1491 1614 τί
1518 1562 1620 1615 δεῖ
1658 1562 1771 1614 τὸν
1796 1581 1838 1614 15

83 1651 283 1703 παῖδα
320 1650 540 1716 θύειν;
587 1648 677 1703 καὶ
717 1650 746 1702 6
786 1647 887 1720 μὲν
933 1653 1064 1719 γόης
1110 1658 1304 1718 ταῦτα,
1350 1649 1505 1719 ὑμεῖς
1549 1647 1609 1703 δὲ
1650 1648 1771 1703 ἀνέ-

78 1744 258 1809 χεσθε.
326 1739 408 1792 14.
447 1747 569 1810 νῦν,
609 1736 651 1793 ὦ
690 1740 981 1809 κατάρατε,
1020 1747 1190 1793 ταῦτα
1229 1739 1402 1807 λέγεις
1440 1737 1531 1792 καὶ
1570 1744 1772 1810 τολμᾷς

0 1889 1 1892 ¹
79 1827 372 1897 ὁμολογεῖν
411 1828 483 1891 ὡς
521 1826 662 1898 ἔχων
702 1832 936 1898 βοηθεῖν
975 1829 1078 1882 οὐκ
1117 1827 1377 1897 ἐβούλου;
1424 1829 1631 1882 οὐκοῦν
1670 1828 1771 1897 οὐχ

19 1967 26 1989 ·.
81 1915 110 1970 6
150 1926 277 1980 παῖς
317 1918 410 1970 διὰ
447 1925 613 1971 τοῦτο
655 1921 750 1987 ζῆν
789 1916 961 1986 ἄξιος,
1010 1916 1126 1971 ἀλλ’
1176 1913 1336 1980 οὗτος
1381 1923 1770 1988 προστυθῆναι

77 2013 152 2078 τῷ
193 2006 350 2060 παιδὶ
388 2005 480 2059 καὶ
519 2008 618 2060 τὸν
654 2005 757 2075 μὲν
795 2007 1132 2077 ὑπηρετῆσαι
1164 2014 1238 2080 τῷ
1271 2014 1494 2079 χρησμῷ
1534 2008 1768 2075 δίκαιον,
1793 2027 1838 2059 20

29 2098 34 2103 ’
77 2096 177 2149 τὸν
223 2092 284 2149 δὲ
336 2097 534 2149 δοῦναι
583 2097 762 2166 δίκην,
817 2096 966 2159 ὅστις
1021 2096 1168 2166 ὁρῶν
1221 2096 1322 2164 τὴν
1375 2098 1540 2149 πόλιν
1594 2095 1769 2158 οὕτως

200 2262 253 2301 12
285 2256 392 2302 Her.
420 2257 502 2301 VII
530 2262 627 2302 132.
661 2256 803 2302 Thuc.
828 2257 850 2301 I
874 2262 944 2312 80,
964 2263 989 2302 2

198 2395 224 2433 3
255 2391 313 2436 τὰ
338 2393 383 2436 Β
526 2395 552 2435 5
585 2390 657 2436 aa
688 2390 854 2447 scripsi
887 2372 889 2375 ⁴
924 2388 947 2435 ὅ
978 2407 1022 2435 n
1052 2390 1163 2436 libri
1194 2391 1286 2436 edd
1336 2392 1342 2447 ι
1393 2390 1451 2448 δὴ
1483 2405 1558 2435 om
1585 2391 1646 2434 M
1715 2390 1766 2435 δὲ

79 2451 179 2495 Par
204 2451 211 2506 Ι
238 2450 591 2505 ἀπαλλάξεσθαι
615 2452 677 2496 Μ
705 2450 787 2495 sed
818 2466 839 2494 ε
870 2450 920 2494 in
952 2464 1026 2494 ras
1089 2449 1451 2504 ἀνταλλάξασθαι
1475 2452 1521 2495 Ρ
1549 2450 1651 2494 Mor
1687 2451 1767 2495 sed

79 2553 128 2598 in
150 2554 239 2598 hoc
262 2571 316 2611 γρ
342 2553 691 2607 ἀπαλλάξεσθαι
715 2552 764 2597 in
787 2566 921 2611 marg
1043 2557 1068 2597 ⁷
1100 2554 1246 2606 εὐθύς
1271 2570 1319 2598 τε
1342 2512 1561 2598 θῦὲοῇαιΒ
1623 2553 1769 2621 εὐθύς

78 2629 127 2658 τε
148 2616 296 2658 θῦσαι
315 2615 420 2659 Mos
443 2613 545 2657 Mor
571 2614 578 2669 1
605 2615 842 2657 τεθῢσθαι
865 2613 966 2658 Par
993 2613 1061 2657 Re
1182 2617 1209 2657 8
1241 2612 1378 2658 πόλιν
1402 2614 1545 2658 PPar
1569 2614 1616 2656 et
1639 2630 1693 2669 γρ
1718 2612 1767 2656 in

79 2685 212 2730 marg
235 2673 338 2717 Mor
458 2677 511 2716 11
546 2669 791 2729 γινομένης
813 2672 913 2716 Par
1001 2687 1079 2717 ενο
1081 2671 1222 2730 μένης
1240 2675 1286 2718 Ρ
1311 2672 1402 2717 edd
1426 2672 1508 2717 sed
1532 2689 1585 2728 γρ
1612 2688 1767 2729 γιγνο-

80 2730 253 2788 μένης
239 2746 289 2776 m
313 2746 445 2790 marg
460 2731 563 2775 Mor
589 2733 596 2788 Ι
624 2731 681 2790 εἰ]
701 2731 756 2775 οὐ
775 2732 874 2775 Par
900 2733 907 2787 Ι
936 2689 1033 2782 οἶός
1048 2746 1095 2775 τε
1113 2731 1181 2775 Re
1208 2733 1214 2788 Ι
1243 2747 1293 2789 γε
1310 2745 1386 2776 om
1404 2733 1449 2777 Β
1511 2729 1767 2775 cancellavi

201 2795 254 2834 12
286 2790 368 2836 τὸν
392 2805 467 2835 om
490 2790 559 2834 Re
693 2794 747 2833 15
780 2789 894 2846 φησὶ
917 2792 1026 2846 post
1048 2790 1136 2847 γὰρ
1163 2792 1305 2836 PPar
1328 2790 1396 2834 Re
1458 2790 1575 2847 φημὶ
1607 2789 1709 2832 Mor

16 2896 19 2907 ·
51 2867 53 2869 ’
80 2877 230 2922 ᾶθΙθνί
352 2883 406 2922 19
434 2866 578 2923 τοῦτο
583 2866 671 2923 ”B
699 2880 706 2935 Ι
733 2880 1058 2934 προστυθῆναι
1088 2878 1254 2935 scripsi
1286 2892 1310 2922 e
1343 2896 1396 2935 γρ
1427 2878 1476 2922 in
1509 2890 1642 2935 marg
1666 2877 1768 2921 Mor

82 2950 187 2980 cum
216 2937 425 2982 Iacobsio
456 2937 563 2980 Add
597 2941 680 2981 199
712 2937 825 2981 Loci}
857 2941 942 2981 138
975 2936 1147 2982 Cobeto
1177 2937 1278 2982 0011
1301 2942 1387 2981 300
1448 2939 1766 2994 προστεθῆναι

82 2996 287 3041 Pan-MR
304 2997 373 3041 Re
433 2999 762 3052 προστεθεῖναι
778 2997 931 3041 PMos
946 2995 1048 3040 Mor
1161 3001 1214 3040 21
1241 2995 1433 3052 οἰκτρῶς
1448 2994 1592 3047 οὕτως
1612 2996 1765 3041 ΜοεΒ
