<?xml version="1.0" encoding="UTF-8"?>
<!DOCTYPE html PUBLIC "-//W3C//DTD XHTML 1.0 Transitional//EN"
    "http://www.w3.org/TR/xhtml1/DTD/xhtml1-transitional.dtd">
<html xmlns="http://www.w3.org/1999/xhtml" xml:lang="en" lang="en">
 <head>
  <title>
</title>
<meta http-equiv="Content-Type" content="text/html;charset=utf-8" />
  <meta name='ocr-system' content='tesseract 3.04.00' />
  <meta name='ocr-capabilities' content='ocr_page ocr_carea ocr_par ocr_line ocrx_word'/>
</head>
<body>
  <div class='ocr_page' id='page_1' title='image "./operarecensuitri07libauoft_0475.png"; bbox 0 0 2014 3158; ppageno 0'>
   <div class='ocr_carea' id='block_1_1' title="bbox 370 107 1791 161">
    <p class='ocr_par' dir='ltr' id='par_1_1' title="bbox 370 107 1791 161">
     <span class='ocr_line' id='line_1_1' title="bbox 370 107 1791 161; baseline -0.001 -7"><span class='ocrx_word' id='word_1_1' title='bbox 370 108 489 154; x_wconf 88' lang='lat' dir='ltr'><strong><em>PRO</em></strong></span> <span class='ocrx_word' id='word_1_2' title='bbox 523 109 796 154; x_wconf 83' lang='lat' dir='ltr'>MULIERE</span> <span class='ocrx_word' id='word_1_3' title='bbox 828 107 1249 153; x_wconf 81' lang='lat' dir='ltr'><strong>TYRANNICIDA</strong></span> <span class='ocrx_word' id='word_1_4' title='bbox 1280 107 1518 152; x_wconf 86' lang='grc' dir='ltr'><strong>ΡΕΤΙΤΙΟ</strong></span> <span class='ocrx_word' id='word_1_5' title='bbox 1684 108 1791 161; x_wconf 81' lang='grc'><strong><em>457</em></strong></span> 
     </span>
    </p>
   </div>
   <div class='ocr_carea' id='block_1_2' title="bbox 620 209 650 220">
    <p class='ocr_par' dir='ltr' id='par_1_2' title="bbox 620 209 650 220">
     <span class='ocr_line' id='line_1_2' title="bbox 620 209 650 220; baseline 0 0"><span class='ocrx_word' id='word_1_6' title='bbox 620 209 650 220; x_wconf 58' lang='lat' dir='ltr'><em>a</em></span> 
     </span>
    </p>
   </div>
   <div class='ocr_carea' id='block_1_3' title="bbox 97 242 1883 1736">
    <p class='ocr_par' dir='ltr' id='par_1_3' title="bbox 97 242 1883 1736">
     <span class='ocr_line' id='line_1_3' title="bbox 101 242 1795 316; baseline -0.002 -16"><span class='ocrx_word' id='word_1_7' title='bbox 101 247 173 310; x_wconf 82' lang='grc' dir='ltr'><strong><em>ὡς</em></strong></span> <span class='ocrx_word' id='word_1_8' title='bbox 212 245 303 299; x_wconf 79' lang='grc' dir='ltr'><strong><em>καὶ</em></strong></span> <span class='ocrx_word' id='word_1_9' title='bbox 341 246 520 300; x_wconf 77' lang='grc' dir='ltr'><strong><em>πάντα</em></strong></span> <span class='ocrx_word' id='word_1_10' title='bbox 567 253 788 316; x_wconf 84' lang='grc' dir='ltr'><strong><em>τρυφᾶν</em></strong></span> <span class='ocrx_word' id='word_1_11' title='bbox 834 244 1009 298; x_wconf 80' lang='grc' dir='ltr'><strong><em>ὁπόσα</em></strong></span> <span class='ocrx_word' id='word_1_12' title='bbox 1054 242 1143 297; x_wconf 81' lang='grc' dir='ltr'><strong><em>καὶ</em></strong></span> <span class='ocrx_word' id='word_1_13' title='bbox 1195 244 1336 311; x_wconf 86' lang='grc' dir='ltr'><strong><em>γυνὴ</em></strong></span> <span class='ocrx_word' id='word_1_14' title='bbox 1384 251 1795 311; x_wconf 79' lang='grc' dir='ltr'><strong><em>τυραννοῦντος</em></strong></span> 
     </span>
     <span class='ocr_line' id='line_1_4' title="bbox 100 331 1793 403; baseline -0.002 -15"><span class='ocrx_word' id='word_1_15' title='bbox 100 333 327 403; x_wconf 82' lang='grc' dir='ltr'><strong><em>ἀνδρός,</em></strong></span> <span class='ocrx_word' id='word_1_16' title='bbox 382 333 415 402; x_wconf 81' lang='grc' dir='ltr'><em>ἡ</em></span> <span class='ocrx_word' id='word_1_17' title='bbox 471 331 532 387; x_wconf 75' lang='grc' dir='ltr'><strong><em>δὲ</em></strong></span> <span class='ocrx_word' id='word_1_18' title='bbox 586 335 647 387; x_wconf 90' lang='grc' dir='ltr'><strong><em>τὸ</em></strong></span> <span class='ocrx_word' id='word_1_19' title='bbox 700 334 867 403; x_wconf 82' lang='grc' dir='ltr'><strong><em>μικρὰ</em></strong></span> <span class='ocrx_word' id='word_1_20' title='bbox 920 333 1054 402; x_wconf 84' lang='grc' dir='ltr'><strong><em>μετὰ</em></strong></span> <span class='ocrx_word' id='word_1_21' title='bbox 1116 334 1303 399; x_wconf 86' lang='grc' dir='ltr'><strong><em>νόμων</em></strong></span> <span class='ocrx_word' id='word_1_22' title='bbox 1359 333 1641 385; x_wconf 83' lang='grc' dir='ltr'><strong><em>δύνασθαι</em></strong></span> <span class='ocrx_word' id='word_1_23' title='bbox 1694 340 1793 395; x_wconf 87' lang='grc' dir='ltr'><strong><em>τοῦ</em></strong></span> 
     </span>
     <span class='ocr_line' id='line_1_5' title="bbox 99 418 1795 493; baseline -0.001 -17"><span class='ocrx_word' id='word_1_24' title='bbox 99 424 277 476; x_wconf 78' lang='grc' dir='ltr'><strong><em>πάντα</em></strong></span> <span class='ocrx_word' id='word_1_25' title='bbox 315 424 441 493; x_wconf 81' lang='grc' dir='ltr'><strong><em>δίχα</em></strong></span> <span class='ocrx_word' id='word_1_26' title='bbox 479 424 666 491; x_wconf 86' lang='grc' dir='ltr'><strong><em>νόμων</em></strong></span> <span class='ocrx_word' id='word_1_27' title='bbox 705 422 993 475; x_wconf 88' lang='grc' dir='ltr'><strong><em>ἀνθείλετο</em></strong></span> <span class='ocrx_word' id='word_1_28' title='bbox 1041 419 1132 474; x_wconf 86' lang='grc' dir='ltr'><strong><em>καὶ</em></strong></span> <span class='ocrx_word' id='word_1_29' title='bbox 1179 422 1241 474; x_wconf 91' lang='grc' dir='ltr'><strong><em>τὸ</em></strong></span> <span class='ocrx_word' id='word_1_30' title='bbox 1291 424 1458 490; x_wconf 90' lang='grc' dir='ltr'><strong><em>νόμος</em></strong></span> <span class='ocrx_word' id='word_1_31' title='bbox 1497 418 1639 474; x_wconf 87' lang='grc' dir='ltr'><strong><em>εἶναι</em></strong></span> <span class='ocrx_word' id='word_1_32' title='bbox 1678 431 1795 483; x_wconf 87' lang='grc' dir='ltr'><strong><em>τοῖς</em></strong></span> 
     </span>
     <span class='ocr_line' id='line_1_6' title="bbox 100 506 1793 581; baseline -0.002 -16"><span class='ocrx_word' id='word_1_33' title='bbox 100 514 288 575; x_wconf 81' lang='grc' dir='ltr'><strong><em>ἄλλοις</em></strong></span> <span class='ocrx_word' id='word_1_34' title='bbox 334 513 469 581; x_wconf 86' lang='grc' dir='ltr'><strong><em>αὐτὴ</em></strong></span> <span class='ocrx_word' id='word_1_35' title='bbox 515 512 654 581; x_wconf 89' lang='grc' dir='ltr'><strong><em>πρὸς</em></strong></span> <span class='ocrx_word' id='word_1_36' title='bbox 699 519 794 580; x_wconf 85' lang='grc' dir='ltr'><strong><em>τῆς</em></strong></span> <span class='ocrx_word' id='word_1_37' title='bbox 848 511 1027 580; x_wconf 87' lang='grc' dir='ltr'><strong><em>Τύχης</em></strong></span> <span class='ocrx_word' id='word_1_38' title='bbox 1073 514 1317 579; x_wconf 81' lang='grc' dir='ltr'><em>λαχοῦσα</em></span> <span class='ocrx_word' id='word_1_39' title='bbox 1373 517 1536 563; x_wconf 92' lang='grc' dir='ltr'><strong><em>τοῦτο</em></strong></span> <span class='ocrx_word' id='word_1_40' title='bbox 1583 510 1684 579; x_wconf 82' lang='grc' dir='ltr'><strong><em>μὲν</em></strong></span> <span class='ocrx_word' id='word_1_41' title='bbox 1731 506 1793 563; x_wconf 84' lang='grc' dir='ltr'><strong><em>εὖ</em></strong></span> 
     </span>
     <span class='ocr_line' id='line_1_7' title="bbox 100 598 1861 670; baseline -0.002 -16"><span class='ocrx_word' id='word_1_42' title='bbox 100 609 338 654; x_wconf 90' lang='grc' dir='ltr'><strong><em>ποιοῦσα</em></strong></span> <span class='ocrx_word' id='word_1_43' title='bbox 379 602 513 670; x_wconf 79' lang='grc' dir='ltr'><strong><em>μετὰ</em></strong></span> <span class='ocrx_word' id='word_1_44' title='bbox 551 598 641 653; x_wconf 85' lang='grc' dir='ltr'><strong><em>καὶ</em></strong></span> <span class='ocrx_word' id='word_1_45' title='bbox 689 599 925 669; x_wconf 82' lang='grc' dir='ltr'><strong><em>τάνδρὸς</em></strong></span> <span class='ocrx_word' id='word_1_46' title='bbox 971 598 1406 666; x_wconf 78' lang='grc' dir='ltr'><strong><em>ἀπεσκευάσατο,</em></strong></span> <span class='ocrx_word' id='word_1_47' title='bbox 1453 598 1561 652; x_wconf 88' lang='grc' dir='ltr'><strong><em>ὑπὸ</em></strong></span> <span class='ocrx_word' id='word_1_48' title='bbox 1602 598 1665 651; x_wconf 81' lang='grc' dir='ltr'><strong><em>δὲ</em></strong></span> <span class='ocrx_word' id='word_1_49' title='bbox 1703 600 1793 651; x_wconf 89' lang='grc' dir='ltr'><strong><em>νό-</em></strong></span> <span class='ocrx_word' id='word_1_50' title='bbox 1841 620 1861 652; x_wconf 86' lang='lat'><strong>5</strong></span> 
     </span>
     <span class='ocr_line' id='line_1_8' title="bbox 100 687 1795 758; baseline -0.002 -15"><span class='ocrx_word' id='word_1_51' title='bbox 100 709 225 758; x_wconf 92' lang='grc' dir='ltr'><strong><em>μοις</em></strong></span> <span class='ocrx_word' id='word_1_52' title='bbox 278 689 617 758; x_wconf 80' lang='grc' dir='ltr'><strong><em>αὐτόβουλος</em></strong></span> <span class='ocrx_word' id='word_1_53' title='bbox 663 689 888 756; x_wconf 87' lang='grc' dir='ltr'><strong><em>γίνεται.</em></strong></span> <span class='ocrx_word' id='word_1_54' title='bbox 951 687 1040 741; x_wconf 83' lang='grc'><strong><em>39.</em></strong></span> <span class='ocrx_word' id='word_1_55' title='bbox 1079 689 1137 741; x_wconf 80' lang='grc' dir='ltr'><strong><em>οί</em></strong></span> <span class='ocrx_word' id='word_1_56' title='bbox 1187 689 1256 756; x_wconf 81' lang='grc' dir='ltr'><strong><em>δὴ</em></strong></span> <span class='ocrx_word' id='word_1_57' title='bbox 1310 695 1482 740; x_wconf 90' lang='grc' dir='ltr'><strong><em>ταῦτα</em></strong></span> <span class='ocrx_word' id='word_1_58' title='bbox 1537 690 1795 756; x_wconf 81' lang='grc' dir='ltr'><strong><em>λαχόντες</em></strong></span> 
     </span>
     <span class='ocr_line' id='line_1_9' title="bbox 101 775 1796 847; baseline -0.002 -16"><span class='ocrx_word' id='word_1_59' title='bbox 101 776 192 831; x_wconf 84' lang='grc' dir='ltr'><strong><em>καὶ</em></strong></span> <span class='ocrx_word' id='word_1_60' title='bbox 238 778 382 831; x_wconf 83' lang='grc' dir='ltr'><strong><em>οὕτω</em></strong></span> <span class='ocrx_word' id='word_1_61' title='bbox 428 779 683 846; x_wconf 85' lang='grc' dir='ltr'><strong><em>κείμενον</em></strong></span> <span class='ocrx_word' id='word_1_62' title='bbox 729 778 827 831; x_wconf 89' lang='grc' dir='ltr'><strong><em>τὸν</em></strong></span> <span class='ocrx_word' id='word_1_63' title='bbox 873 777 1154 847; x_wconf 89' lang='grc' dir='ltr'><strong><em>τύραννον</em></strong></span> <span class='ocrx_word' id='word_1_64' title='bbox 1210 775 1641 845; x_wconf 81' lang='grc' dir='ltr'><strong><em>ἐκπεπληγμένοι</em></strong></span> <span class='ocrx_word' id='word_1_65' title='bbox 1692 784 1796 829; x_wconf 87' lang='grc' dir='ltr'><strong><em>νῦν</em></strong></span> 
     </span>
     <span class='ocr_line' id='line_1_10' title="bbox 100 863 1796 935; baseline -0.001 -16"><span class='ocrx_word' id='word_1_66' title='bbox 100 863 202 934; x_wconf 76' lang='grc' dir='ltr'><strong><em>μὲν</em></strong></span> <span class='ocrx_word' id='word_1_67' title='bbox 239 874 332 934; x_wconf 83' lang='grc' dir='ltr'><strong><em>τῆς</em></strong></span> <span class='ocrx_word' id='word_1_68' title='bbox 372 866 654 935; x_wconf 79' lang='grc' dir='ltr'><strong><em>εὐμοιρίας</em></strong></span> <span class='ocrx_word' id='word_1_69' title='bbox 692 867 795 935; x_wconf 86' lang='grc' dir='ltr'><strong><em>τὴν</em></strong></span> <span class='ocrx_word' id='word_1_70' title='bbox 832 868 999 919; x_wconf 93' lang='grc' dir='ltr'><strong><em>πόλιν</em></strong></span> <span class='ocrx_word' id='word_1_71' title='bbox 1038 865 1269 934; x_wconf 78' lang='grc' dir='ltr'><strong><em>ἄγανται</em></strong></span> <span class='ocrx_word' id='word_1_72' title='bbox 1308 863 1399 918; x_wconf 84' lang='grc' dir='ltr'><strong><em>καὶ</em></strong></span> <span class='ocrx_word' id='word_1_73' title='bbox 1431 866 1534 934; x_wconf 82' lang='grc' dir='ltr'><strong><em>τὴν</em></strong></span> <span class='ocrx_word' id='word_1_74' title='bbox 1566 864 1670 918; x_wconf 91' lang='grc' dir='ltr'><strong><em>ἀπὸ</em></strong></span> <span class='ocrx_word' id='word_1_75' title='bbox 1704 885 1796 933; x_wconf 91' lang='grc' dir='ltr'><strong><em>γυ-</em></strong></span> 
     </span>
     <span class='ocr_line' id='line_1_11' title="bbox 101 953 1795 1025; baseline -0.001 -17"><span class='ocrx_word' id='word_1_76' title='bbox 101 965 308 1008; x_wconf 85' lang='grc' dir='ltr'><strong><em>ναικῶν</em></strong></span> <span class='ocrx_word' id='word_1_77' title='bbox 345 956 552 1024; x_wconf 87' lang='grc' dir='ltr'><strong><em>τόλμαν</em></strong></span> <span class='ocrx_word' id='word_1_78' title='bbox 590 953 681 1007; x_wconf 84' lang='grc' dir='ltr'><strong><em>καὶ</em></strong></span> <span class='ocrx_word' id='word_1_79' title='bbox 727 963 824 1024; x_wconf 80' lang='grc' dir='ltr'><strong><em>τῆς</em></strong></span> <span class='ocrx_word' id='word_1_80' title='bbox 870 956 947 1018; x_wconf 83' lang='grc' dir='ltr'><strong><em>εἰς</em></strong></span> <span class='ocrx_word' id='word_1_81' title='bbox 994 955 1202 1025; x_wconf 80' lang='grc' dir='ltr'><strong><em>ἄνδρας</em></strong></span> <span class='ocrx_word' id='word_1_82' title='bbox 1249 954 1489 1022; x_wconf 83' lang='grc' dir='ltr'><strong><em>ἡκούσης</em></strong></span> <span class='ocrx_word' id='word_1_83' title='bbox 1535 953 1795 1022; x_wconf 79' lang='grc' dir='ltr'><strong><em>ἀνδρείας</em></strong></span> 
     </span>
     <span class='ocr_line' id='line_1_12' title="bbox 100 1040 1862 1112; baseline 0 -16"><span class='ocrx_word' id='word_1_84' title='bbox 100 1044 203 1097; x_wconf 84' lang='grc' dir='ltr'><strong><em>οὐκ</em></strong></span> <span class='ocrx_word' id='word_1_85' title='bbox 241 1043 465 1111; x_wconf 79' lang='grc' dir='ltr'><strong><em>ἀγεννὲς</em></strong></span> <span class='ocrx_word' id='word_1_86' title='bbox 502 1045 753 1097; x_wconf 80' lang='grc' dir='ltr'><strong><em>τίθενται</em></strong></span> <span class='ocrx_word' id='word_1_87' title='bbox 791 1043 1068 1112; x_wconf 83' lang='grc' dir='ltr'><strong><em>ξύμβολον</em></strong></span> <span class='ocrx_word' id='word_1_88' title='bbox 1105 1043 1196 1097; x_wconf 88' lang='grc' dir='ltr'><strong><em>καὶ</em></strong></span> <span class='ocrx_word' id='word_1_89' title='bbox 1236 1051 1335 1097; x_wconf 90' lang='grc' dir='ltr'><strong><em>τοῦ</em></strong></span> <span class='ocrx_word' id='word_1_90' title='bbox 1366 1040 1540 1112; x_wconf 77' lang='grc' dir='ltr'><strong><em>μηδὲν</em></strong></span> <span class='ocrx_word' id='word_1_91' title='bbox 1572 1042 1640 1096; x_wconf 77' lang='grc' dir='ltr'><strong><em>ἂν</em></strong></span> <span class='ocrx_word' id='word_1_92' title='bbox 1674 1042 1792 1096; x_wconf 84' lang='grc' dir='ltr'><strong><em>ε’θέ-</em></strong></span> <span class='ocrx_word' id='word_1_93' title='bbox 1820 1064 1862 1096; x_wconf 89' lang='lat'><strong><em>10</em></strong></span> 
     </span>
     <span class='ocr_line' id='line_1_13' title="bbox 100 1129 1795 1202; baseline 0 -18"><span class='ocrx_word' id='word_1_94' title='bbox 100 1136 217 1185; x_wconf 90' lang='grc' dir='ltr'><strong><em>λειν</em></strong></span> <span class='ocrx_word' id='word_1_95' title='bbox 262 1129 363 1196; x_wconf 80' lang='grc' dir='ltr'><strong><em>ἔξω</em></strong></span> <span class='ocrx_word' id='word_1_96' title='bbox 411 1135 599 1202; x_wconf 88' lang='grc' dir='ltr'><strong><em>νόμων</em></strong></span> <span class='ocrx_word' id='word_1_97' title='bbox 645 1137 1106 1201; x_wconf 83' lang='grc' dir='ltr'><strong><em>πεπολιτεῦσθαι,</em></strong></span> <span class='ocrx_word' id='word_1_98' title='bbox 1161 1134 1212 1185; x_wconf 85' lang='grc' dir='ltr'><strong><em>εἰ</em></strong></span> <span class='ocrx_word' id='word_1_99' title='bbox 1264 1133 1325 1186; x_wconf 79' lang='grc' dir='ltr'><strong><em>δὲ</em></strong></span> <span class='ocrx_word' id='word_1_100' title='bbox 1378 1131 1469 1185; x_wconf 83' lang='grc' dir='ltr'><strong><em>καὶ</em></strong></span> <span class='ocrx_word' id='word_1_101' title='bbox 1519 1132 1795 1185; x_wconf 84' lang='grc' dir='ltr'><strong><em>πύθοιντο</em></strong></span> 
     </span>
     <span class='ocr_line' id='line_1_14' title="bbox 97 1218 1795 1290; baseline -0.001 -16"><span class='ocrx_word' id='word_1_102' title='bbox 97 1222 199 1289; x_wconf 88' lang='grc' dir='ltr'><strong><em>τὴν</em></strong></span> <span class='ocrx_word' id='word_1_103' title='bbox 236 1218 337 1290; x_wconf 75' lang='grc' dir='ltr'><strong><em>μὲν</em></strong></span> <span class='ocrx_word' id='word_1_104' title='bbox 376 1220 450 1284; x_wconf 82' lang='grc' dir='ltr'><strong><em>ὡς</em></strong></span> <span class='ocrx_word' id='word_1_105' title='bbox 489 1223 666 1290; x_wconf 84' lang='grc' dir='ltr'><strong><em>αἰτοίη</em></strong></span> <span class='ocrx_word' id='word_1_106' title='bbox 707 1224 838 1285; x_wconf 82' lang='grc' dir='ltr'><strong><em>τοὺς</em></strong></span> <span class='ocrx_word' id='word_1_107' title='bbox 875 1223 1099 1290; x_wconf 81' lang='grc' dir='ltr'><strong><em>παῖδας,</em></strong></span> <span class='ocrx_word' id='word_1_108' title='bbox 1143 1221 1284 1290; x_wconf 81' lang='grc' dir='ltr'><strong><em>ἡμᾶς</em></strong></span> <span class='ocrx_word' id='word_1_109' title='bbox 1324 1219 1373 1275; x_wconf 81' lang='grc' dir='ltr'><strong><em>δ’</em></strong></span> <span class='ocrx_word' id='word_1_110' title='bbox 1419 1221 1493 1284; x_wconf 82' lang='grc' dir='ltr'><strong><em>ὡς</em></strong></span> <span class='ocrx_word' id='word_1_111' title='bbox 1531 1220 1633 1274; x_wconf 84' lang='grc' dir='ltr'><strong><em>οὐκ</em></strong></span> <span class='ocrx_word' id='word_1_112' title='bbox 1681 1219 1795 1273; x_wconf 85' lang='grc' dir='ltr'><strong><em>ἐπι-</em></strong></span> 
     </span>
     <span class='ocr_line' id='line_1_15' title="bbox 99 1309 1795 1381; baseline 0 -19"><span class='ocrx_word' id='word_1_113' title='bbox 99 1311 335 1379; x_wconf 90' lang='grc' dir='ltr'><strong><em>νεύομεν</em></strong></span> <span class='ocrx_word' id='word_1_114' title='bbox 372 1309 464 1363; x_wconf 86' lang='grc' dir='ltr'><strong><em>καὶ</em></strong></span> <span class='ocrx_word' id='word_1_115' title='bbox 507 1314 984 1380; x_wconf 86' lang='grc' dir='ltr'><strong><em>σμικρολογοῦμεν</em></strong></span> <span class='ocrx_word' id='word_1_116' title='bbox 1029 1310 1155 1381; x_wconf 86' lang='grc' dir='ltr'><strong><em>περὶ</em></strong></span> <span class='ocrx_word' id='word_1_117' title='bbox 1202 1312 1303 1380; x_wconf 85' lang='grc' dir='ltr'><strong><em>τὴν</em></strong></span> <span class='ocrx_word' id='word_1_118' title='bbox 1349 1311 1414 1363; x_wconf 83' lang='grc' dir='ltr'><strong><em>τὰ</em></strong></span> <span class='ocrx_word' id='word_1_119' title='bbox 1461 1311 1670 1380; x_wconf 78' lang='grc' dir='ltr'><strong><em>μεγάλα</em></strong></span> <span class='ocrx_word' id='word_1_120' title='bbox 1709 1310 1795 1362; x_wconf 79' lang='grc' dir='ltr'><strong><em>δε-</em></strong></span> 
     </span>
     <span class='ocr_line' id='line_1_16' title="bbox 101 1386 1795 1469; baseline 0 -18"><span class='ocrx_word' id='word_1_121' title='bbox 101 1400 347 1452; x_wconf 81' lang='grc' dir='ltr'><strong><em>δωκυῖαν</em></strong></span> <span class='ocrx_word' id='word_1_122' title='bbox 393 1398 548 1467; x_wconf 83' lang='grc' dir='ltr'><strong><em>ἡμῖν,</em></strong></span> <span class='ocrx_word' id='word_1_123' title='bbox 597 1399 824 1453; x_wconf 80' lang='grc' dir='ltr'><strong><em>δέδοικα</em></strong></span> <span class='ocrx_word' id='word_1_124' title='bbox 868 1400 941 1468; x_wconf 87' lang='grc' dir='ltr'><strong><em>μὴ</em></strong></span> <span class='ocrx_word' id='word_1_125' title='bbox 991 1401 1093 1469; x_wconf 85' lang='grc' dir='ltr'><strong><em>τὴν</em></strong></span> <span class='ocrx_word' id='word_1_126' title='bbox 1138 1400 1240 1467; x_wconf 82' lang='grc' dir='ltr'><strong><em>μὲν</em></strong></span> <span class='ocrx_word' id='word_1_127' title='bbox 1287 1398 1454 1453; x_wconf 79' lang='grc' dir='ltr'><strong><em>οὐδὲν</em></strong></span> <span class='ocrx_word' id='word_1_128' title='bbox 1500 1386 1665 1468; x_wconf 83' lang='grc' dir='ltr'><strong><em>ἦττον</em></strong></span> <span class='ocrx_word' id='word_1_129' title='bbox 1703 1396 1795 1451; x_wconf 86' lang='grc' dir='ltr'><strong><em>καὶ</em></strong></span> 
     </span>
     <span class='ocr_line' id='line_1_17' title="bbox 98 1488 1883 1558; baseline 0.001 -18"><span class='ocrx_word' id='word_1_130' title='bbox 98 1488 265 1541; x_wconf 79' lang='grc' dir='ltr'><strong><em>πάλιν</em></strong></span> <span class='ocrx_word' id='word_1_131' title='bbox 300 1490 306 1557; x_wconf 79' lang='grc' dir='ltr'>Ι</span> <span class='ocrx_word' id='word_1_132' title='bbox 340 1489 727 1558; x_wconf 79' lang='grc' dir='ltr'><strong><em>θαυμάσονται</em></strong></span> <span class='ocrx_word' id='word_1_133' title='bbox 773 1489 863 1542; x_wconf 82' lang='grc' dir='ltr'><strong><em>καὶ</em></strong></span> <span class='ocrx_word' id='word_1_134' title='bbox 914 1490 1179 1557; x_wconf 78' lang='grc' dir='ltr'><strong><em>γενναίαν</em></strong></span> <span class='ocrx_word' id='word_1_135' title='bbox 1215 1489 1615 1557; x_wconf 83' lang='grc' dir='ltr'><strong><em>ὑπολήψονται,</em></strong></span> <span class='ocrx_word' id='word_1_136' title='bbox 1663 1491 1883 1537; x_wconf 79' lang='lat' dir='ltr'>RIV809</span> 
     </span>
     <span class='ocr_line' id='line_1_18' title="bbox 99 1573 1862 1647; baseline 0.001 -18"><span class='ocrx_word' id='word_1_137' title='bbox 99 1577 232 1646; x_wconf 83' lang='grc' dir='ltr'><strong><em>τύχῃ</em></strong></span> <span class='ocrx_word' id='word_1_138' title='bbox 275 1573 335 1629; x_wconf 77' lang='grc' dir='ltr'><strong><em>δὲ</em></strong></span> <span class='ocrx_word' id='word_1_139' title='bbox 374 1577 726 1646; x_wconf 82' lang='grc' dir='ltr'><strong><em>χρησαμένην</em></strong></span> <span class='ocrx_word' id='word_1_140' title='bbox 765 1577 1070 1647; x_wconf 80' lang='grc' dir='ltr'><strong><em>ἀγνώμονι,</em></strong></span> <span class='ocrx_word' id='word_1_141' title='bbox 1117 1579 1248 1640; x_wconf 86' lang='grc' dir='ltr'><strong><em>τοὺς</em></strong></span> <span class='ocrx_word' id='word_1_142' title='bbox 1287 1574 1347 1630; x_wconf 74' lang='grc' dir='ltr'><strong><em>δὲ</em></strong></span> <span class='ocrx_word' id='word_1_143' title='bbox 1385 1577 1796 1647; x_wconf 78' lang='grc' dir='ltr'><strong><em>ψηφιζομένους</em></strong></span> <span class='ocrx_word' id='word_1_144' title='bbox 1821 1598 1862 1630; x_wconf 80' lang='lat'><strong><em>16</em></strong></span> 
     </span>
     <span class='ocr_line' id='line_1_19' title="bbox 99 1660 1796 1736; baseline 0.001 -18"><span class='ocrx_word' id='word_1_145' title='bbox 99 1665 256 1733; x_wconf 87' lang='grc' dir='ltr'><strong><em>ὑμᾶς,</em></strong></span> <span class='ocrx_word' id='word_1_146' title='bbox 297 1663 414 1718; x_wconf 90' lang='grc' dir='ltr'><strong><em>ἀλλ’</em></strong></span> <span class='ocrx_word' id='word_1_147' title='bbox 461 1666 563 1719; x_wconf 86' lang='grc' dir='ltr'><strong><em>οὐκ</em></strong></span> <span class='ocrx_word' id='word_1_148' title='bbox 603 1660 711 1720; x_wconf 78' lang='grc' dir='ltr'><strong><em>οἷδ’</em></strong></span> <span class='ocrx_word' id='word_1_149' title='bbox 748 1667 778 1720; x_wconf 83' lang='grc' dir='ltr'>ὅ</span> <span class='ocrx_word' id='word_1_150' title='bbox 809 1687 862 1719; x_wconf 89' lang='grc' dir='ltr'><strong><em>τι</em></strong></span> <span class='ocrx_word' id='word_1_151' title='bbox 901 1664 990 1719; x_wconf 84' lang='grc' dir='ltr'><strong><em>καὶ</em></strong></span> <span class='ocrx_word' id='word_1_152' title='bbox 1025 1670 1213 1736; x_wconf 86' lang='grc' dir='ltr'><strong><em>φαίην,</em></strong></span> <span class='ocrx_word' id='word_1_153' title='bbox 1253 1667 1326 1735; x_wconf 88' lang='grc' dir='ltr'><strong><em>μὰ</em></strong></span> <span class='ocrx_word' id='word_1_154' title='bbox 1358 1668 1488 1729; x_wconf 85' lang='grc' dir='ltr'><strong><em>τοὺς</em></strong></span> <span class='ocrx_word' id='word_1_155' title='bbox 1519 1666 1708 1733; x_wconf 89' lang='grc' dir='ltr'><strong><em>θεούς,</em></strong></span> <span class='ocrx_word' id='word_1_156' title='bbox 1748 1667 1796 1719; x_wconf 81' lang='grc' dir='ltr'><strong><em>εἰ</em></strong></span> 
     </span>
    </p>
   </div>
   <div class='ocr_carea' id='block_1_4' title="bbox 0 1753 1796 1824">
    <p class='ocr_par' dir='ltr' id='par_1_4' title="bbox 0 1753 1796 1824">
     <span class='ocr_line' id='line_1_20' title="bbox 0 1753 1796 1824; baseline -0.001 -16"><span class='ocrx_word' id='word_1_157' title='bbox 0 1805 4 1808; x_wconf 86' lang='grc'><strong><em>,</em></strong></span> <span class='ocrx_word' id='word_1_158' title='bbox 99 1755 170 1822; x_wconf 84' lang='grc' dir='ltr'><strong><em>μὴ</em></strong></span> <span class='ocrx_word' id='word_1_159' title='bbox 210 1755 345 1823; x_wconf 74' lang='grc' dir='ltr'><strong><em>μετὰ</em></strong></span> <span class='ocrx_word' id='word_1_160' title='bbox 382 1762 476 1823; x_wconf 83' lang='grc' dir='ltr'><strong><em>τῆς</em></strong></span> <span class='ocrx_word' id='word_1_161' title='bbox 517 1763 624 1808; x_wconf 90' lang='grc' dir='ltr'><strong><em>νῦν</em></strong></span> <span class='ocrx_word' id='word_1_162' title='bbox 663 1755 1062 1824; x_wconf 80' lang='grc' dir='ltr'><strong><em>ἀγνωμοσύνης</em></strong></span> <span class='ocrx_word' id='word_1_163' title='bbox 1101 1756 1190 1808; x_wconf 87' lang='grc' dir='ltr'><strong><em>καὶ</em></strong></span> <span class='ocrx_word' id='word_1_164' title='bbox 1230 1756 1331 1823; x_wconf 88' lang='grc' dir='ltr'><strong><em>τὴν</em></strong></span> <span class='ocrx_word' id='word_1_165' title='bbox 1371 1753 1636 1808; x_wconf 82' lang='grc' dir='ltr'><strong><em>ἐντεῦθεν</em></strong></span> <span class='ocrx_word' id='word_1_166' title='bbox 1675 1754 1796 1808; x_wconf 82' lang='grc' dir='ltr'><strong><em>ἀδο·</em></strong></span> 
     </span>
    </p>
   </div>
   <div class='ocr_carea' id='block_1_5' title="bbox 101 1838 1863 2002">
    <p class='ocr_par' dir='ltr' id='par_1_5' title="bbox 101 1838 1863 2002">
     <span class='ocr_line' id='line_1_21' title="bbox 101 1838 1175 1913; baseline 0.003 -20"><span class='ocrx_word' id='word_1_167' title='bbox 101 1841 222 1904; x_wconf 83' lang='grc' dir='ltr'><strong><em>ξίαν</em></strong></span> <span class='ocrx_word' id='word_1_168' title='bbox 262 1838 323 1895; x_wconf 82' lang='grc' dir='ltr'><strong><em>εὖ</em></strong></span> <span class='ocrx_word' id='word_1_169' title='bbox 363 1852 654 1906; x_wconf 89' lang='grc' dir='ltr'><strong><em>ποιοῦντες</em></strong></span> <span class='ocrx_word' id='word_1_170' title='bbox 691 1845 1175 1913; x_wconf 87' lang='grc' dir='ltr'><strong><em>προσαναιρήσετε.</em></strong></span> 
     </span>
     <span class='ocr_line' id='line_1_22' title="bbox 211 1931 1863 2002; baseline 0.002 -19"><span class='ocrx_word' id='word_1_171' title='bbox 211 1931 298 1984; x_wconf 91' lang='grc'><strong><em>40.</em></strong></span> <span class='ocrx_word' id='word_1_172' title='bbox 340 1934 586 1996; x_wconf 83' lang='grc' dir='ltr'><strong><em>Παῖδες</em></strong></span> <span class='ocrx_word' id='word_1_173' title='bbox 639 1940 1133 2000; x_wconf 87' lang='grc' dir='ltr'><strong><em>τυραννοῦντος</em></strong></span> <span class='ocrx_word' id='word_1_174' title='bbox 1186 1932 1430 2002; x_wconf 80' lang='grc' dir='ltr'><strong><em>ἀνδρὸς</em></strong></span> <span class='ocrx_word' id='word_1_175' title='bbox 1481 1934 1636 2000; x_wconf 81' lang='grc' dir='ltr'><strong><em>μετὰ</em></strong></span> <span class='ocrx_word' id='word_1_176' title='bbox 1690 1933 1795 1986; x_wconf 86' lang='grc' dir='ltr'><strong><em>καὶ</em></strong></span> <span class='ocrx_word' id='word_1_177' title='bbox 1819 1954 1863 1986; x_wconf 74' lang='lat' dir='ltr'><strong><em>zo</em></strong></span> 
     </span>
    </p>
   </div>
   <div class='ocr_carea' id='block_1_6' title="bbox 104 2029 458 2036">
    <p class='ocr_par' dir='ltr' id='par_1_6' title="bbox 104 2029 458 2036">
     <span class='ocr_line' id='line_1_23' title="bbox 104 2029 458 2036; baseline 0 1122"><span class='ocrx_word' id='word_1_178' title='bbox 104 2029 458 2036; x_wconf 95' lang='lat' dir='ltr'><strong><em> </em></strong></span> 
     </span>
    </p>
   </div>
   <div class='ocr_carea' id='block_1_7' title="bbox 222 2078 1439 2135">
    <p class='ocr_par' dir='ltr' id='par_1_7' title="bbox 222 2078 1439 2135">
     <span class='ocr_line' id='line_1_24' title="bbox 222 2078 1439 2135; baseline 0.001 -14"><span class='ocrx_word' id='word_1_179' title='bbox 222 2082 246 2121; x_wconf 84' lang='lat'>6</span> <span class='ocrx_word' id='word_1_180' title='bbox 278 2078 445 2122; x_wconf 82' lang='lat' dir='ltr'><strong>Aesch.</strong></span> <span class='ocrx_word' id='word_1_181' title='bbox 482 2079 608 2135; x_wconf 72' lang='lat' dir='ltr'><strong>Sept.</strong></span> <span class='ocrx_word' id='word_1_182' title='bbox 646 2083 760 2123; x_wconf 88' lang='lat'>1053</span> <span class='ocrx_word' id='word_1_183' title='bbox 884 2083 906 2121; x_wconf 85' lang='grc'><strong>7</strong></span> <span class='ocrx_word' id='word_1_184' title='bbox 942 2078 1075 2123; x_wconf 86' lang='lat' dir='ltr'>Chor.</span> <span class='ocrx_word' id='word_1_185' title='bbox 1107 2081 1196 2135; x_wconf 78' lang='lat' dir='ltr'><strong>tyr.</strong></span> <span class='ocrx_word' id='word_1_186' title='bbox 1221 2094 1266 2135; x_wconf 89' lang='lat' dir='ltr'><strong><em>p.</em></strong></span> <span class='ocrx_word' id='word_1_187' title='bbox 1295 2083 1439 2132; x_wconf 82' lang='lat'>54,20</span> 
     </span>
    </p>
   </div>
   <div class='ocr_carea' id='block_1_8' title="bbox 105 2161 458 2169">
    <p class='ocr_par' dir='ltr' id='par_1_8' title="bbox 105 2161 458 2169">
     <span class='ocr_line' id='line_1_25' title="bbox 105 2161 458 2169; baseline 0 989"><span class='ocrx_word' id='word_1_188' title='bbox 105 2161 458 2169; x_wconf 95' lang='lat' dir='ltr'><strong><em> </em></strong></span> 
     </span>
    </p>
   </div>
   <div class='ocr_carea' id='block_1_9' title="bbox 100 2209 1796 2624">
    <p class='ocr_par' dir='ltr' id='par_1_9' title="bbox 100 2209 1796 2624">
     <span class='ocr_line' id='line_1_26' title="bbox 222 2209 1794 2269; baseline 0.001 -15"><span class='ocrx_word' id='word_1_189' title='bbox 222 2216 247 2254; x_wconf 81' lang='lat'><strong>2</strong></span> <span class='ocrx_word' id='word_1_190' title='bbox 281 2211 433 2267; x_wconf 81' lang='grc' dir='ltr'><strong><em>ἄνδρα</em></strong></span> <span class='ocrx_word' id='word_1_191' title='bbox 462 2213 551 2256; x_wconf 82' lang='lat' dir='ltr'><strong><em>Vat</em></strong></span> <span class='ocrx_word' id='word_1_192' title='bbox 670 2217 697 2254; x_wconf 84' lang='lat'>4</span> <span class='ocrx_word' id='word_1_193' title='bbox 730 2209 781 2256; x_wconf 79' lang='grc' dir='ltr'><strong><em>εὖ</em></strong></span> <span class='ocrx_word' id='word_1_194' title='bbox 812 2220 1014 2256; x_wconf 84' lang='grc' dir='ltr'><strong><em>ποιοῦσα</em></strong></span> <span class='ocrx_word' id='word_1_195' title='bbox 1036 2212 1222 2269; x_wconf 78' lang='lat' dir='ltr'><strong>reposui</strong></span> <span class='ocrx_word' id='word_1_196' title='bbox 1248 2227 1272 2256; x_wconf 88' lang='lat' dir='ltr'>e</span> <span class='ocrx_word' id='word_1_197' title='bbox 1296 2212 1429 2256; x_wconf 83' lang='lat' dir='ltr'>libris</span> <span class='ocrx_word' id='word_1_198' title='bbox 1455 2225 1561 2255; x_wconf 90' lang='lat' dir='ltr'><strong><em>cum</em></strong></span> <span class='ocrx_word' id='word_1_199' title='bbox 1584 2211 1794 2255; x_wconf 80' lang='lat' dir='ltr'><strong>Iacobsio</strong></span> 
     </span>
     <span class='ocr_line' id='line_1_27' title="bbox 102 2270 1794 2327; baseline 0.001 -14"><span class='ocrx_word' id='word_1_200' title='bbox 102 2272 207 2327; x_wconf 87' lang='lat' dir='ltr'><strong><em>App</em></strong></span> <span class='ocrx_word' id='word_1_201' title='bbox 248 2271 359 2314; x_wconf 87' lang='lat' dir='ltr'>Pors</span> <span class='ocrx_word' id='word_1_202' title='bbox 393 2276 478 2315; x_wconf 87' lang='lat'><strong><em>303</em></strong></span> <span class='ocrx_word' id='word_1_203' title='bbox 514 2270 653 2315; x_wconf 87' lang='lat' dir='ltr'><strong>Schul</strong></span> <span class='ocrx_word' id='word_1_204' title='bbox 730 2272 984 2316; x_wconf 76' lang='grc' dir='ltr'><strong><em>εὐποιοῦσα</em></strong></span> <span class='ocrx_word' id='word_1_205' title='bbox 1022 2272 1090 2316; x_wconf 81' lang='lat' dir='ltr'><strong><em>Re</em></strong></span> <span class='ocrx_word' id='word_1_206' title='bbox 1249 2277 1274 2316; x_wconf 85' lang='lat'>5</span> <span class='ocrx_word' id='word_1_207' title='bbox 1313 2271 1513 2326; x_wconf 77' lang='grc' dir='ltr'><strong><em>τάνδρὸς</em></strong></span> <span class='ocrx_word' id='word_1_208' title='bbox 1550 2271 1738 2327; x_wconf 84' lang='lat' dir='ltr'><strong>reposui</strong></span> <span class='ocrx_word' id='word_1_209' title='bbox 1770 2285 1794 2314; x_wconf 84' lang='lat' dir='ltr'>e</span> 
     </span>
     <span class='ocr_line' id='line_1_28' title="bbox 100 2327 1794 2389; baseline 0 -17"><span class='ocrx_word' id='word_1_210' title='bbox 100 2329 235 2373; x_wconf 83' lang='lat' dir='ltr'>libris</span> <span class='ocrx_word' id='word_1_211' title='bbox 296 2327 341 2373; x_wconf 87' lang='grc' dir='ltr'><strong><em>τ’</em></strong></span> <span class='ocrx_word' id='word_1_212' title='bbox 369 2331 540 2386; x_wconf 79' lang='grc' dir='ltr'><strong><em>ἀνδρὸς</em></strong></span> <span class='ocrx_word' id='word_1_213' title='bbox 570 2330 637 2373; x_wconf 85' lang='lat' dir='ltr'><strong><em>Re</em></strong></span> <span class='ocrx_word' id='word_1_214' title='bbox 760 2336 785 2374; x_wconf 90' lang='lat'>6</span> <span class='ocrx_word' id='word_1_215' title='bbox 819 2331 870 2375; x_wconf 81' lang='grc' dir='ltr'><strong><em>δὲ</em></strong></span> <span class='ocrx_word' id='word_1_216' title='bbox 893 2330 1058 2376; x_wconf 82' lang='lat' dir='ltr'><strong>Iacobs</strong></span> <span class='ocrx_word' id='word_1_217' title='bbox 1085 2331 1205 2387; x_wconf 88' lang='lat' dir='ltr'><strong>App.</strong></span> <span class='ocrx_word' id='word_1_218' title='bbox 1232 2330 1262 2374; x_wconf 87' lang='lat' dir='ltr'><strong><em>l.</em></strong></span> <span class='ocrx_word' id='word_1_219' title='bbox 1287 2331 1318 2374; x_wconf 89' lang='lat' dir='ltr'><strong><em>l.</em></strong></span> <span class='ocrx_word' id='word_1_220' title='bbox 1346 2331 1353 2389; x_wconf 82' lang='grc'>1</span> <span class='ocrx_word' id='word_1_221' title='bbox 1380 2328 1598 2387; x_wconf 86' lang='grc' dir='ltr'><strong><em>λαχόντες</em></strong></span> <span class='ocrx_word' id='word_1_222' title='bbox 1628 2330 1794 2386; x_wconf 78' lang='lat' dir='ltr'><strong>scripsi</strong></span> 
     </span>
     <span class='ocr_line' id='line_1_29' title="bbox 103 2388 1795 2446; baseline 0 -14"><span class='ocrx_word' id='word_1_223' title='bbox 103 2401 128 2432; x_wconf 84' lang='lat' dir='ltr'>e</span> <span class='ocrx_word' id='word_1_224' title='bbox 162 2389 409 2434; x_wconf 82' lang='lat' dir='ltr'><strong><em>MaOWat</em></strong></span> <span class='ocrx_word' id='word_1_225' title='bbox 500 2389 729 2439; x_wconf 84' lang='grc' dir='ltr'><strong><em>λαθόντες</em></strong></span> <span class='ocrx_word' id='word_1_226' title='bbox 762 2391 845 2434; x_wconf 89' lang='grc' dir='ltr'><strong><em>Μο</em></strong></span> <span class='ocrx_word' id='word_1_227' title='bbox 887 2389 955 2434; x_wconf 78' lang='lat' dir='ltr'><strong><em>Re</em></strong></span> <span class='ocrx_word' id='word_1_228' title='bbox 1038 2388 1274 2446; x_wconf 81' lang='grc' dir='ltr'><strong><em>μαθόντες</em></strong></span> <span class='ocrx_word' id='word_1_229' title='bbox 1312 2389 1474 2434; x_wconf 80' lang='lat' dir='ltr'><strong>Iacobs</strong></span> <span class='ocrx_word' id='word_1_230' title='bbox 1513 2391 1619 2446; x_wconf 85' lang='lat' dir='ltr'><strong><em>App</em></strong></span> <span class='ocrx_word' id='word_1_231' title='bbox 1653 2388 1795 2432; x_wconf 85' lang='lat' dir='ltr'><strong>Schul</strong></span> 
     </span>
     <span class='ocr_line' id='line_1_30' title="bbox 105 2447 1793 2507; baseline -0.001 -16"><span class='ocrx_word' id='word_1_232' title='bbox 105 2447 308 2492; x_wconf 77' lang='lat' dir='ltr'><strong>Sintenis</strong></span> <span class='ocrx_word' id='word_1_233' title='bbox 446 2453 469 2491; x_wconf 81' lang='lat'><strong>7</strong></span> <span class='ocrx_word' id='word_1_234' title='bbox 504 2447 856 2505; x_wconf 77' lang='grc' dir='ltr'><strong><em>ἐκπεπληγμένω</em></strong></span> <span class='ocrx_word' id='word_1_235' title='bbox 881 2450 967 2494; x_wconf 89' lang='lat' dir='ltr'><strong><em>Mo</em></strong></span> <span class='ocrx_word' id='word_1_236' title='bbox 1095 2453 1122 2493; x_wconf 87' lang='grc'>8</span> <span class='ocrx_word' id='word_1_237' title='bbox 1155 2449 1354 2507; x_wconf 76' lang='grc' dir='ltr'><strong><em>ἄγανται</em></strong></span> <span class='ocrx_word' id='word_1_238' title='bbox 1385 2448 1572 2505; x_wconf 83' lang='lat' dir='ltr'><strong>reposui</strong></span> <span class='ocrx_word' id='word_1_239' title='bbox 1604 2462 1628 2491; x_wconf 83' lang='lat' dir='ltr'>e</span> <span class='ocrx_word' id='word_1_240' title='bbox 1661 2448 1793 2491; x_wconf 88' lang='lat' dir='ltr'>libris</span> 
     </span>
     <span class='ocr_line' id='line_1_31' title="bbox 104 2506 1633 2564; baseline 0 -14"><span class='ocrx_word' id='word_1_241' title='bbox 104 2521 208 2550; x_wconf 88' lang='lat' dir='ltr'><strong><em>cum</em></strong></span> <span class='ocrx_word' id='word_1_242' title='bbox 245 2506 457 2551; x_wconf 81' lang='lat' dir='ltr'><strong>Iacobsio</strong></span> <span class='ocrx_word' id='word_1_243' title='bbox 489 2508 595 2564; x_wconf 86' lang='lat' dir='ltr'><strong><em>App</em></strong></span> <span class='ocrx_word' id='word_1_244' title='bbox 625 2507 739 2551; x_wconf 84' lang='lat' dir='ltr'>Pors</span> <span class='ocrx_word' id='word_1_245' title='bbox 770 2512 855 2551; x_wconf 81' lang='lat'><strong><em>329</em></strong></span> <span class='ocrx_word' id='word_1_246' title='bbox 898 2507 1040 2552; x_wconf 82' lang='lat' dir='ltr'><strong>Schul</strong></span> <span class='ocrx_word' id='word_1_247' title='bbox 1079 2508 1262 2552; x_wconf 78' lang='lat' dir='ltr'><strong>Sinteni</strong></span> <span class='ocrx_word' id='word_1_248' title='bbox 1339 2507 1533 2564; x_wconf 78' lang='grc' dir='ltr'><strong><em>ἄγονται</em></strong></span> <span class='ocrx_word' id='word_1_249' title='bbox 1566 2507 1633 2550; x_wconf 80' lang='lat' dir='ltr'><strong><em>Re</em></strong></span> 
     </span>
     <span class='ocr_line' id='line_1_32' title="bbox 105 2564 1796 2624; baseline 0 -15"><span class='ocrx_word' id='word_1_250' title='bbox 105 2570 130 2609; x_wconf 84' lang='lat'>9</span> <span class='ocrx_word' id='word_1_251' title='bbox 163 2564 360 2620; x_wconf 82' lang='grc' dir='ltr'><strong><em>ἀνδρίας</em></strong></span> <span class='ocrx_word' id='word_1_252' title='bbox 394 2568 480 2612; x_wconf 84' lang='lat' dir='ltr'><strong><em>Vat</em></strong></span> <span class='ocrx_word' id='word_1_253' title='bbox 603 2571 656 2610; x_wconf 94' lang='grc'><strong><em>10</em></strong></span> <span class='ocrx_word' id='word_1_254' title='bbox 688 2565 851 2624; x_wconf 76' lang='grc' dir='ltr'><strong><em>ἀγενὲς</em></strong></span> <span class='ocrx_word' id='word_1_255' title='bbox 883 2567 970 2611; x_wconf 82' lang='lat' dir='ltr'><strong><em>Vat</em></strong></span> <span class='ocrx_word' id='word_1_256' title='bbox 1015 2570 1022 2623; x_wconf 93' lang='grc' dir='ltr'>Ι</span> <span class='ocrx_word' id='word_1_257' title='bbox 1071 2567 1250 2612; x_wconf 77' lang='grc' dir='ltr'><strong><em>ἐθέλειν</em></strong></span> <span class='ocrx_word' id='word_1_258' title='bbox 1281 2567 1468 2624; x_wconf 80' lang='lat' dir='ltr'><strong>reposui</strong></span> <span class='ocrx_word' id='word_1_259' title='bbox 1500 2579 1525 2609; x_wconf 85' lang='lat' dir='ltr'><strong>c</strong></span> <span class='ocrx_word' id='word_1_260' title='bbox 1552 2566 1796 2611; x_wconf 79' lang='lat' dir='ltr'><strong><em>MaczVat</em></strong></span> 
     </span>
    </p>
   </div>
   <div class='ocr_carea' id='block_1_10' title="bbox 3 2624 1794 2683">
    <p class='ocr_par' dir='ltr' id='par_1_10' title="bbox 3 2624 1794 2683">
     <span class='ocr_line' id='line_1_33' title="bbox 3 2624 1794 2683; baseline 0.001 -16"><span class='ocrx_word' id='word_1_261' title='bbox 3 2647 10 2659; x_wconf 57' lang='lat' dir='ltr'><em>s</em></span> <span class='ocrx_word' id='word_1_262' title='bbox 105 2639 210 2668; x_wconf 90' lang='lat' dir='ltr'><strong><em>cum</em></strong></span> <span class='ocrx_word' id='word_1_263' title='bbox 242 2625 422 2670; x_wconf 83' lang='lat' dir='ltr'><strong>Sinteni</strong></span> <span class='ocrx_word' id='word_1_264' title='bbox 455 2625 629 2670; x_wconf 81' lang='lat' dir='ltr'>Cobeto</span> <span class='ocrx_word' id='word_1_265' title='bbox 662 2624 762 2670; x_wconf 90' lang='lat' dir='ltr'>Coll</span> <span class='ocrx_word' id='word_1_266' title='bbox 794 2630 879 2669; x_wconf 85' lang='lat'><strong><em>302</em></strong></span> <span class='ocrx_word' id='word_1_267' title='bbox 941 2626 1079 2682; x_wconf 81' lang='grc' dir='ltr'><strong><em>ἐθέλη</em></strong></span> <span class='ocrx_word' id='word_1_268' title='bbox 1107 2628 1191 2671; x_wconf 88' lang='lat' dir='ltr'><strong><em>Mo</em></strong></span> <span class='ocrx_word' id='word_1_269' title='bbox 1265 2625 1403 2683; x_wconf 79' lang='grc' dir='ltr'><strong><em>ἐθέλῃ</em></strong></span> <span class='ocrx_word' id='word_1_270' title='bbox 1436 2625 1503 2669; x_wconf 86' lang='lat' dir='ltr'><strong><em>Re</em></strong></span> <span class='ocrx_word' id='word_1_271' title='bbox 1647 2630 1699 2668; x_wconf 92' lang='lat'><strong><em>11</em></strong></span> <span class='ocrx_word' id='word_1_272' title='bbox 1734 2625 1794 2682; x_wconf 82' lang='grc' dir='ltr'><strong><em>δὴ</em></strong></span> 
     </span>
    </p>
   </div>
   <div class='ocr_carea' id='block_1_11' title="bbox 106 2682 1795 2919">
    <p class='ocr_par' dir='ltr' id='par_1_11' title="bbox 106 2682 1724 2742">
     <span class='ocr_line' id='line_1_34' title="bbox 106 2682 1724 2742; baseline -0.001 -14"><span class='ocrx_word' id='word_1_273' title='bbox 106 2685 195 2729; x_wconf 88' lang='grc' dir='ltr'><strong><em>Μα</em></strong></span> <span class='ocrx_word' id='word_1_274' title='bbox 244 2687 250 2739; x_wconf 84' lang='grc' dir='ltr'>Ι</span> <span class='ocrx_word' id='word_1_275' title='bbox 299 2685 501 2730; x_wconf 83' lang='grc' dir='ltr'><strong><em>πύθοιτο</em></strong></span> <span class='ocrx_word' id='word_1_276' title='bbox 536 2686 624 2729; x_wconf 84' lang='lat' dir='ltr'><strong><em>Vat</em></strong></span> <span class='ocrx_word' id='word_1_277' title='bbox 767 2689 819 2728; x_wconf 87' lang='grc'><strong><em>17</em></strong></span> <span class='ocrx_word' id='word_1_278' title='bbox 862 2683 892 2728; x_wconf 82' lang='grc' dir='ltr'>ὅ</span> <span class='ocrx_word' id='word_1_279' title='bbox 917 2701 962 2730; x_wconf 83' lang='grc' dir='ltr'><strong><em>τι</em></strong></span> <span class='ocrx_word' id='word_1_280' title='bbox 993 2686 1157 2742; x_wconf 81' lang='lat' dir='ltr'><strong>scripsi</strong></span> <span class='ocrx_word' id='word_1_281' title='bbox 1197 2699 1302 2729; x_wconf 87' lang='lat' dir='ltr'><strong><em>cum</em></strong></span> <span class='ocrx_word' id='word_1_282' title='bbox 1340 2683 1549 2728; x_wconf 80' lang='lat' dir='ltr'>Iaeobsio</span> <span class='ocrx_word' id='word_1_283' title='bbox 1582 2682 1724 2727; x_wconf 87' lang='lat' dir='ltr'><strong>Schul</strong></span> 
     </span>
    </p>

    <p class='ocr_par' dir='ltr' id='par_1_12' title="bbox 107 2740 1792 2800">
     <span class='ocr_line' id='line_1_35' title="bbox 107 2740 1792 2800; baseline 0.001 -14"><span class='ocrx_word' id='word_1_284' title='bbox 107 2740 177 2786; x_wconf 80' lang='grc' dir='ltr'><strong><em>ὅτι</em></strong></span> <span class='ocrx_word' id='word_1_285' title='bbox 215 2742 325 2787; x_wconf 85' lang='lat' dir='ltr'>libri</span> <span class='ocrx_word' id='word_1_286' title='bbox 364 2744 432 2787; x_wconf 85' lang='lat' dir='ltr'><strong><em>Re</em></strong></span> <span class='ocrx_word' id='word_1_287' title='bbox 483 2746 488 2799; x_wconf 94' lang='grc' dir='ltr'>Ι</span> <span class='ocrx_word' id='word_1_288' title='bbox 539 2741 689 2799; x_wconf 86' lang='grc' dir='ltr'><strong><em>φαίην</em></strong></span> <span class='ocrx_word' id='word_1_289' title='bbox 728 2742 893 2800; x_wconf 82' lang='lat' dir='ltr'><strong>scripsi</strong></span> <span class='ocrx_word' id='word_1_290' title='bbox 933 2759 957 2787; x_wconf 76' lang='lat' dir='ltr'>e</span> <span class='ocrx_word' id='word_1_291' title='bbox 991 2746 1234 2790; x_wconf 83' lang='lat' dir='ltr'><strong><em>MaOlVat</em></strong></span> <span class='ocrx_word' id='word_1_292' title='bbox 1272 2759 1376 2787; x_wconf 90' lang='lat' dir='ltr'><strong><em>cum</em></strong></span> <span class='ocrx_word' id='word_1_293' title='bbox 1416 2743 1597 2786; x_wconf 70' lang='lat' dir='ltr'>Sinteni</span> <span class='ocrx_word' id='word_1_294' title='bbox 1673 2741 1792 2799; x_wconf 79' lang='grc' dir='ltr'><strong><em>φαίη</em></strong></span> 
     </span>
    </p>

    <p class='ocr_par' dir='ltr' id='par_1_13' title="bbox 106 2801 1795 2919">
     <span class='ocr_line' id='line_1_36' title="bbox 106 2801 1795 2859; baseline 0.001 -14"><span class='ocrx_word' id='word_1_295' title='bbox 106 2802 190 2845; x_wconf 90' lang='lat' dir='ltr'><strong><em>Mo</em></strong></span> <span class='ocrx_word' id='word_1_296' title='bbox 221 2801 289 2845; x_wconf 80' lang='lat' dir='ltr'><strong><em>Re</em></strong></span> <span class='ocrx_word' id='word_1_297' title='bbox 338 2804 345 2859; x_wconf 82' lang='grc' dir='ltr'>Ι</span> <span class='ocrx_word' id='word_1_298' title='bbox 387 2801 452 2859; x_wconf 80' lang='grc' dir='ltr'><strong><em>μὰ</em></strong></span> <span class='ocrx_word' id='word_1_299' title='bbox 476 2805 567 2847; x_wconf 89' lang='lat' dir='ltr'><strong><em>Ma</em></strong></span> <span class='ocrx_word' id='word_1_300' title='bbox 598 2803 678 2846; x_wconf 82' lang='lat' dir='ltr'><strong><em>sed</em></strong></span> <span class='ocrx_word' id='word_1_301' title='bbox 710 2819 739 2845; x_wconf 91' lang='grc' dir='ltr'><strong><em>α</em></strong></span> <span class='ocrx_word' id='word_1_302' title='bbox 772 2802 822 2846; x_wconf 90' lang='lat' dir='ltr'><strong><em>in</em></strong></span> <span class='ocrx_word' id='word_1_303' title='bbox 852 2815 928 2846; x_wconf 83' lang='lat' dir='ltr'><strong><em>ras</em></strong></span> <span class='ocrx_word' id='word_1_304' title='bbox 959 2803 1030 2847; x_wconf 79' lang='lat' dir='ltr'><strong><em>m&#39;</em></strong></span> <span class='ocrx_word' id='word_1_305' title='bbox 1174 2808 1227 2847; x_wconf 88' lang='grc'><strong><em>19</em></strong></span> <span class='ocrx_word' id='word_1_306' title='bbox 1260 2801 1679 2857; x_wconf 86' lang='grc' dir='ltr'><strong><em>προσαναιρήσεται</em></strong></span> <span class='ocrx_word' id='word_1_307' title='bbox 1704 2803 1795 2847; x_wconf 84' lang='lat' dir='ltr'><strong><em>Ma</em></strong></span> 
     </span>
     <span class='ocr_line' id='line_1_37' title="bbox 224 2861 1789 2919; baseline 0.001 -16"><span class='ocrx_word' id='word_1_308' title='bbox 224 2865 280 2904; x_wconf 84' lang='lat'><strong><em>20</em></strong></span> <span class='ocrx_word' id='word_1_309' title='bbox 321 2870 666 2916; x_wconf 77' lang='grc' dir='ltr'><strong><em>τυραννοῦντος</em></strong></span> <span class='ocrx_word' id='word_1_310' title='bbox 702 2862 848 2906; x_wconf 81' lang='lat' dir='ltr'><strong><em>MaCl</em></strong></span> <span class='ocrx_word' id='word_1_311' title='bbox 892 2862 974 2905; x_wconf 80' lang='lat' dir='ltr'><strong><em>sed</em></strong></span> <span class='ocrx_word' id='word_1_312' title='bbox 1019 2862 1067 2905; x_wconf 92' lang='lat' dir='ltr'><strong><em>in</em></strong></span> <span class='ocrx_word' id='word_1_313' title='bbox 1114 2863 1311 2918; x_wconf 76' lang='lat' dir='ltr'><strong>utroque</strong></span> <span class='ocrx_word' id='word_1_314' title='bbox 1359 2877 1409 2911; x_wconf 90' lang='grc' dir='ltr'><strong><em>ος</em></strong></span> <span class='ocrx_word' id='word_1_315' title='bbox 1454 2874 1509 2904; x_wconf 82' lang='lat' dir='ltr'><strong><em>ex</em></strong></span> <span class='ocrx_word' id='word_1_316' title='bbox 1555 2877 1601 2912; x_wconf 83' lang='grc' dir='ltr'><strong><em>ες</em></strong></span> <span class='ocrx_word' id='word_1_317' title='bbox 1640 2874 1742 2915; x_wconf 82' lang='lat' dir='ltr'><strong>con·</strong></span> <span class='ocrx_word' id='word_1_318' title='bbox 1784 2861 1789 2919; x_wconf 71' lang='grc'>1</span> 
     </span>
    </p>
   </div>
   <div class='ocr_carea' id='block_1_12' title="bbox 0 2912 398 2974">
    <p class='ocr_par' dir='ltr' id='par_1_14' title="bbox 0 2912 398 2974">
     <span class='ocr_line' id='line_1_38' title="bbox 0 2912 398 2974; baseline 0.01 -13"><span class='ocrx_word' id='word_1_319' title='bbox 0 2912 10 2946; x_wconf 56' lang='grc' dir='ltr'><strong><em>Γ</em></strong></span> <span class='ocrx_word' id='word_1_320' title='bbox 103 2919 280 2974; x_wconf 85' lang='grc' dir='ltr'><strong><em>πατρὸς</em></strong></span> <span class='ocrx_word' id='word_1_321' title='bbox 308 2921 398 2965; x_wconf 85' lang='lat' dir='ltr'><strong><em>Vat</em></strong></span> 
     </span>
    </p>
   </div>
  </div>
 </body>
</html>
