2014 3158
610 96 911 143 STRATEGI
940 97 1247 143 APOLOGIA
1662 100 1768 154 481

7 287 10 290 ,
71 253 175 303 την
200 226 342 287 εἶναι
373 234 761 303 χαλεπωτάτην
794 235 994 297 ἱκανῶς
1025 233 1054 287 ὁ
1086 237 1391 305 κατήγορος
1423 235 1777 306 ἐνδεδεῖχθαί

64 343 166 391 -μοι
215 325 367 376 δοκεῖ
411 323 503 376 καὶ
548 323 648 376 τὸν
694 325 865 391 λόγον
911 322 1225 387 ἐξισωκέναι
1272 333 1391 387 ταῖς
1438 335 1770 395 συμφοραῖς·

74 413 135 466 τὸ
184 411 233 465 δ’
284 411 357 474 ὡς
412 411 517 480 ἐγώ
570 433 623 464 τι
677 412 892 465 τούτων
945 410 1034 480 ἐφ’
1084 412 1220 479 ὑμῖν
1276 416 1772 484 συμπαρεσκεύασα

73 502 162 555 καὶ
208 497 280 570 ἦν
325 521 418 570 μοι
465 499 785 572 βουλομένῳ
833 501 1108 569 δεσπότην
1157 501 1441 570 ἐπιστῆναι
1485 511 1549 573 τῇ
1594 506 1770 571 πόλει,

73 598 238 644 τοῦτο
279 587 340 643 δὲ
379 590 568 643 οὐδενὶ
615 591 786 661 λόγῳ,
833 590 909 658 μὰ
954 592 1086 652 τοὺς
1130 591 1326 658 θεούς,
1375 590 1633 660 ἐφαίνετό
1676 614 1768 662 μοι
1816 615 1837 647 5

73 679 353 732 δεικνύειν
405 676 565 748 ἔχειν.
627 678 675 730 2.
723 679 879 746 ὑμεῖς
934 677 983 731 δ’
1030 680 1082 731 εἰ
1131 676 1233 746 μὲν
1286 681 1387 748 τὴν
1441 682 1616 748 φύσιν
1670 690 1769 735 τοῦ

70 768 389 837 πράγματος
441 769 683 835 ἔγκλημα
737 767 870 836 ἐμὸν
906 774 1180 833 ,ποιεῖσθε
1233 767 1323 821 καὶ
1377 765 1456 822 ὧν
1511 770 1617 823 ὑπὸ
1669 779 1769 824 τοῦ

71 858 352 925 τυράννου
390 857 703 909 πεπόνθατε
733 857 881 926 παρὰ
912 866 1025 910 τῶν
1057 857 1224 911 οὐδὲν
1253 857 1396 926 ὑμᾶς
1428 858 1769 927 ἠδικηκότων

71 951 261 998 οἴεσθε
300 947 420 998 δεῖν
458 946 620 1013 δίκην
659 948 867 1014 λαβεῖν,
906 947 1187 1014 χρήσασθε
1229 946 1258 999 ὅ
1292 967 1343 999 τι
1382 948 1678 1015 βούλεσθε·
1721 951 1767 1001 εἰ

71 1031 132 1086 δὲ
187 1037 351 1103 χωρίς
403 1033 555 1087 ἐστιν
602 1035 637 1086 ἅ
682 1053 738 1086 τε
783 1033 874 1086 ὑπ’
921 1033 1136 1087 ἐκείνου
1192 1037 1509 1089 πεπόνθατε
1564 1038 1654 1090 καὶ
1705 1038 1766 1090 τὸ
1791 1059 1835 1091 10

68 1123 316 1192 πονηρὸν
363 1119 453 1192 ἐμὲ
499 1123 625 1189 περὶ
670 1124 771 1191 τὴν
816 1124 980 1176 πόλιν
1030 1123 1345 1193 γεγονέναι,
1391 1128 1466 1194 μή
1512 1145 1579 1194 με
1618 1146 1767 1195 περι-

67 1213 220 1280 ίδητε
266 1222 381 1274 τοῖς
425 1213 561 1264 κατὰ
606 1220 701 1280 τῆς
754 1213 1089 1280 τυραννίδος
1143 1212 1529 1280 ἀπολλύμενον
1583 1217 1768 1283 λόγοις

66 1301 204 1370 μηδὲ
248 1302 350 1370 τὴν
390 1298 478 1353 ἀπ’
526 1299 737 1369 ἐκείνης
792 1302 966 1371 ὀργὴν
1021 1304 1099 1364 εἰς
1153 1302 1251 1355 ἕνα
1304 1311 1419 1355 τῶν
1448 1300 1563 1373 ὑφ’
1609 1304 1767 1373 ὑμῶν

68 1507 159 1551 edd
220 1514 303 1551 τοῦ
336 1506 602 1558 συνειδότος
641 1506 799 1551 Gasda
945 1512 968 1550 7
996 1506 1060 1552 Η
1094 1507 1253 1564 μελέτη
1294 1508 1460 1582 scripsi
1535 1509 1564 1565 ἡ
1604 1508 1764 1567 μελέτη

69 1564 382 1641 ‹noxawbeL
444 1565 777 1623 στοχασμόςΜ
834 1581 910 1610 om
933 1566 1103 1622 reliqui
1127 1566 1239 1611 libri
1294 1565 1356 1610 ‘H
1383 1568 1543 1624 μελέτη
1578 1568 1624 1621 ἐξ
1649 1569 1764 1612 ὑπο-

66 1625 250 1682 λήψεως
283 1633 365 1670 τοῦ
396 1625 666 1683 πράγματος
695 1626 807 1669 Ferr
884 1628 1157 1683 Στρατηγοῦ
1189 1626 1421 1683 ἀπολογία
1450 1627 1553 1671 Mor
1582 1627 1651 1670 Re
1713 1629 1763 1672 ἐν

4 1739 6 1742 Ι
66 1686 213 1745 τούτῳ
244 1685 333 1742 γὰρ
364 1685 447 1729 τὸν
480 1685 714 1741 φεύγοντα
742 1688 939 1740 μελετῶν
972 1685 996 1729 ὁ
1021 1685 1231 1743 λιβάνιος
1261 1685 1425 1742 Doxap
1547 1690 1574 1730 8
1611 1686 1682 1731 Τὰ
1706 1713 1763 1721 -

66 1749 167 1799 482,
186 1732 211 1788 ‘1
248 1744 389 1801 ἐφῆτε
420 1744 692 1801 praemissis
724 1745 876 1788 verbis
911 1743 1001 1802 ἔχει
1033 1744 1084 1789 δὲ
1115 1746 1197 1789 καὶ
1228 1745 1358 1800 παρὰ
1388 1748 1450 1804 τῷ
1485 1753 1680 1805 σοφιστῇ
1705 1746 1763 1791 τὰ

65 1781 289 1860 λεγόμενα
322 1805 487 1854 αὐταῖς
516 1802 688 1856 λέξεσιν
720 1820 866 1854 ουτως
898 1804 1015 1848 cissat
1048 1804 1211 1861 Doxap
1244 1804 1328 1848 1.1
1358 1807 1364 1862 1
1393 1791 1612 1849 δικασταί
1635 1806 1763 1851 BVa

66 1862 231 1920 Doxap
293 1863 463 1919 ανδρες
487 1861 779 1908 δικασταίΜ
803 1863 860 1907 cf.
886 1878 930 1920 p.
957 1867 1057 1919 484,
1079 1868 1124 1917 73
1157 1868 1258 1918 485,
1277 1868 1324 1918 8,
1358 1867 1460 1918 48⁷,
1478 1868 1527 1920 53
1561 1869 1759 1920 492,15,

66 1926 167 1977 493,
188 1928 263 1977 173
308 1927 409 1976 494,
431 1927 505 1975 18,
550 1926 650 1976 496,
671 1927 718 1976 73
762 1927 862 1977 505,
881 1927 928 1978 6ς
972 1927 1171 1979 506,1;6
1214 1927 1411 1979 514,17;
1446 1898 1553 1978 515,
1572 1928 1619 1979 9;
1650 1900 1760 1980 ’,517

68 1986 143 2037 16;
176 1986 276 2035 518,
296 1987 342 2037 6,
376 1987 476 2037 519,
495 1957 544 2036 ²1,
576 1986 677 2037 520,
695 1985 722 2025 8
845 1957 870 2026 9
903 1983 1060 2027 δεινὸν
1093 1982 1256 2040 Doxap

187 2121 209 2158 1
253 2116 577 2173 χαλεπώτατον
611 2116 686 2160 La
729 2116 812 2159 sed
854 2116 903 2159 in
946 2116 1272 2174 χαλεπωτάτην
1316 2131 1418 2162 corr
1455 2132 1499 2171 s,
1540 2119 1677 2163 ViVa

63 2172 115 2219 τὸ
139 2176 464 2231 χαλεπώτατον
489 2176 534 2219 Β
595 2174 919 2233 χαλεπωτέραν
943 2175 1106 2232 Doxap
1230 2180 1255 2218 3
1280 2177 1402 2232 ὑμᾶς
1423 2176 1587 2233 Doxap
1614 2181 1622 2233 Ι
1651 2191 1759 2235 συμ·

9 2299 14 2309 2
62 2279 390 2333 παρεσκεύασα
414 2280 540 2323 BVa
573 2279 655 2322 sed
685 2279 735 2322 in
764 2278 853 2323 hoc
883 2296 911 2323 κ
944 2292 1171 2336 suprapos
1198 2278 1269 2322 m²
1389 2284 1417 2323 5
1448 2280 1499 2324 δὲ
1525 2293 1600 2324 om
1626 2280 1759 2325 MLa

65 2337 147 2380 sed
178 2338 226 2381 in
258 2338 347 2381 hoc
378 2351 454 2381 ras
489 2343 511 2381 1
546 2337 639 2393 litt,
671 2338 730 2382 Vi
759 2337 924 2395 Doxap
987 2338 1045 2394 δὴ
1070 2339 1195 2383 BVa
1230 2341 1236 2394 Ι
1278 2339 1391 2395 μετὰ
1418 2339 1469 2383 Cl
1502 2339 1583 2383 sed
1613 2340 1663 2383 in
1694 2339 1758 2396 μὰ

64 2410 167 2441 corr
197 2396 267 2440 m³
315 2398 321 2454 Ι
370 2397 455 2453 τὴν
494 2396 637 2454 θέμιν
670 2399 731 2442 Μ
873 2402 899 2440 6
943 2399 1124 2474 „malim
1166 2397 1214 2456 ἔχ
1218 2400 1308 2442 ων“
1344 2397 1411 2441 Re
1461 2399 1468 2454 Ι
1518 2399 1757 2443 δύνασθαι

8 2463 18 2491 ἵ
62 2459 171 2512 post
196 2455 353 2514 ἔχειν
340 2470 467 2500 mser
483 2458 583 2500 Lan
617 2461 623 2513 Ι
652 2455 698 2502 δ’
720 2470 795 2500 om
810 2457 864 2502 01
886 2457 967 2500 sed
992 2454 1078 2501 οὖν
1101 2457 1227 2500 inser
1250 2457 1320 2500 m³
1380 2457 1432 2502 δὲ
1449 2458 1575 2502 BVa
1591 2457 1756 2514 Doxap

184 2563 207 2602 7
243 2558 354 2615 ἐμὸν
386 2559 551 2616 scripsi
583 2572 608 2603 e
637 2560 736 2605 GlB
748 2561 816 2604 Va
847 2559 1010 2617 Doxap
1072 2532 1182 2616 ἐμοὶ
1198 2561 1241 2604 L
1302 2562 1405 2617 ἐμοὶ
1431 2561 1633 2605 MLaVi
1664 2559 1757 2603 edd

10 2617 72 2676 Ι
107 2621 349 2662 ποιεῖσθαι
380 2619 450 2663 Va
482 2618 593 2663 Fen·
622 2619 726 2662 Mor
791 2622 1034 2664 ποιεῖσθαι
1065 2619 1292 2678 βούλεσθε
1317 2619 1369 2664 Ol
1395 2622 1402 2675 Ι
1429 2619 1559 2674 παρὰ
1590 2619 1754 2676 Doxap

0 2700 2 2724 r
183 2682 208 2720 8
241 2677 371 2732 παρὰ
395 2679 469 2722 La
501 2678 583 2721 sed
615 2694 645 2720 α
676 2679 926 2734 utrumque
964 2678 1013 2722 in
1048 2692 1123 2722 ras
1155 2679 1185 2733 f
1251 2680 1355 2733 περὶ
1387 2679 1446 2723 Vi
1589 2683 1614 2722 9
1655 2680 1754 2723 δεῖν

62 2748 139 2778 om
165 2736 218 2781 Οἱ
236 2735 409 2803 ‘Doxap
458 2739 489 2793 Ι
516 2734 583 2780 ὅτι
618 2737 675 2781 Vi
749 2736 799 2781 εἶ’
820 2753 864 2780 τι
895 2737 1059 2793 Doxap
1183 2743 1235 2781 11
1277 2753 1330 2793 με
1371 2752 1446 2781 om
1473 2738 1536 2781 M
1604 2753 1652 2781 τε
1678 2738 1755 2782 La

11 2789 19 2828 3
63 2794 145 2838 sed
176 2811 202 2837 τ
232 2795 282 2838 in
312 2812 345 2868 μ
376 2809 477 2839 corr
506 2810 542 2849 s,
578 2797 635 2839 Vi
674 2799 680 2850 1
719 2794 962 2849 παρίδοιτε
994 2797 1064 2840 Va
1095 2796 1177 2840 sed
1209 2798 1340 2851 περιί
1366 2810 1506 2851 supra
1539 2794 1654 2851 παρέ
1684 2795 1754 2838 m¹

12 2839 17 2870 ³
184 2858 302 2911 13μ
270 2853 330 2911 μὴ
362 2855 414 2898 δὲ
439 2856 549 2899 LM
555 2855 667 2899 Vvet
680 2855 746 2899 Va
776 2854 887 2898 Fert
946 2855 1056 2952 μήτε
1088 2855 1251 2912 Doxap
1301 2857 1307 2911 Ι
1357 2852 1605 2910 ἀπεκείνης
1633 2856 1707 2899 La
1742 2857 1748 2913 Ι

58 2911 144 2956 τὸν
171 2913 222 2957 ΟΖ
249 2914 254 2969 Ι
282 2913 410 2970 ἡμῶν
442 2913 604 2969 Doxap

151 2994 800 3028 memsed.1v00ersrte..vl1
1338 2993 1391 3029 31
