2014 3158
209 149 314 202 738
637 131 933 193 A'DDENDA
964 149 1041 192 ET
1073 140 1468 193 coRffleENDA

324 282 373 326 P.
408 287 493 326 395
536 284 630 327 not.
666 287 713 326 2:
753 282 942 326 interim
988 281 1179 326 Caroli
1225 283 1462 327 Rotheri
1509 284 1775 329 dissertatio
1825 284 1897 328 in-

207 342 384 398 scripta
405 341 474 386 De
501 341 702 386 Choricii
733 342 901 385 studiis
926 341 1198 386 Libanianis
1222 342 1534 387 Vratislaviae
1559 348 1672 387 1912
1703 342 1895 400 prodiit.

326 402 375 445 P.
404 405 490 444 407
522 401 572 445 in
611 402 700 445 fine
740 401 906 445 scholii
943 403 1051 457 post
1083 405 1182 455 390,
1205 405 1258 445 10
1291 402 1460 447 addas:
1500 404 1535 446 t.
1559 402 1622 447 IV
1649 407 1747 459 760,
1767 408 1821 446 26
1839 403 1893 447 R.

324 460 374 504 P.
399 464 487 505 480
526 461 576 503 111
614 460 755 504 titulo
793 461 822 504 l.
856 466 878 504 7
919 460 1059 504 lectio
1101 460 1314 504 codicum
1353 461 1621 512 συνειδότος
1656 475 1750 506 11011
1789 476 1895 506 cum

207 519 399 564 Reiskio
438 520 487 563 in
526 520 587 571 ὡς
630 521 850 570 συνειδώς
890 520 1138 575 mutanda,
1186 520 1268 563 sed
1306 521 1551 566 retinenda
1591 523 1692 566 erat
1723 520 1896 567 collato
1979 522 1982 524 ’

205 595 249 636 p.
277 583 449 635 689,12
483 580 563 623 καὶ
595 577 838 624 συνειδότι.

327 756 417 800 Sed
454 757 545 801 hac
583 757 824 800 occasione
862 759 969 801 utor
1007 757 1151 801 etiam
1199 757 1259 800 ad
1305 757 1527 802 nonnulla
1573 758 1624 802 in
1662 757 1896 804 volumine

206 817 368 871 quinto
402 815 689 873 corrigenda.

325 875 782 920 Declamationis
821 875 1069 920 Menelai
1115 875 1206 919 duo
1246 875 1362 919 mihi
1409 891 1494 933 per
1530 875 1894 921 Markowskium

204 935 509 979 innotuerunt
539 934 722 979 codices
758 934 1016 978 ‘solitarii’z

327 1000 364 1038 1.
399 994 663 1038 Cahirensis
697 994 1016 1038 Sinaiticus
1050 995 1090 1037 S.
1127 993 1470 1038 Catherinae
1503 998 1588 1038 565
1621 996 1771 1052 (1725)
1803 994 1897 1039 for-

205 1067 310 1097 mae
335 1055 530 1110 quartae
555 1054 826 1121 chartaceus
852 1053 1027 1097 saeculi
1050 1053 1135 1097 XV
1160 1053 1241 1109 qui
1273 1054 1662 1097 declamationem
1694 1053 1896 1099 auctoris

204 1112 392 1157 nomine
432 1114 478 1156 et
515 1112 656 1156 titulo
694 1112 875 1169 privam
916 1113 1124 1157 continet
1167 1112 1422 1156 secundum
1461 1113 1727 1157 Benesevici
1760 1113 1895 1157 Gata-

201 1171 362 1240 logum
405 1172 620 1217 codicum
652 1171 933 1217 Graecorum
965 1173 1047 1228 qui
1085 1172 1135 1216 in
1175 1172 1458 1216 monasterio
1492 1172 1691 1217 Sanctae
1725 1171 1896 1217 Catha-

205 1231 336 1275 rinae
374 1231 423 1275 in
461 1233 619 1275 monte
659 1231 771 1275 Sina
802 1234 1097 1276 asservantur
1127 1233 1160 1275 t.
1185 1231 1207 1274 I
1237 1231 1474 1288 Petropoli
1508 1237 1619 1276 1911
1652 1247 1697 1288 p.
1724 1236 1810 1276 525
1827 1246 1894 1288 sq.

326 1295 364 1334 2.
399 1290 715 1335 Chalcenus
748 1291 979 1335 scholae
1009 1290 1377 1347 theologicae
1409 1291 1587 1348 (ipsius,
1610 1305 1704 1335 non
1728 1291 1896 1335 veteris

204 1350 477 1394 monasterii
510 1350 553 1394 S.
586 1350 849 1406 Trinitatis)
893 1355 976 1394 118
1009 1351 1282 1394 chartaceus
1313 1353 1415 1408 (cm.
1451 1355 1506 1394 23
1531 1364 1590 1396 ><
1615 1353 1687 1407 16)
1721 1350 1896 1394 saeculi

205 1409 310 1453 XVI
347 1409 671 1454 miscellaneus
710 1409 789 1454 fol.
824 1414 1107 1453 205V—-210
1138 1408 1367 1478 Λιβανίου
1410 1409 1739 1468 πρεσβευτικὸς
1779 1407 1897 1465 πρὸς
1976 1464 1980 1467 ,

204 1469 313 1519 τους
341 1476 491 1524 τρῶας
520 1467 636 1524 ὑπὲρ
670 1468 837 1526 ἑλένης.
872 1468 1100 1525 μενέλαος.
1139 1469 1347 1526 Inspexit
1378 1468 1732 1513 Markowskius.

324 1587 377 1631 Ι11
408 1587 654 1631 Achillis
696 1588 763 1631 ad
795 1587 1016 1631 Ulixem
1057 1586 1281 1645 antilog
1289 1587 1344 1631 ia
1377 1592 1476 1641 319,
1498 1591 1551 1631 15
1582 1588 1691 1644 post
1721 1587 1895 1644 ἀπεχώ-

207 1663 322 1700 ρουν
345 1647 618 1691 exciderunt
639 1647 783 1691 voeba
806 1654 898 1691 τῶν
920 1603 1281 1704 Μυρμιδόνων.
1303 1646 1435 1699 Quod
1466 1661 1572 1690 vero
1597 1647 1718 1690 hanc
1743 1646 1897 1690 decla-

207 1706 463 1750 mationem
494 1721 538 1762 p.
567 1711 650 1749 302
683 1706 886 1762 primum
918 1720 946 1750 a
977 1706 1085 1750 Fed.
1120 1705 1313 1749 Morello
1344 1706 1395 1750 in
1425 1706 1579 1750 lucem
1609 1707 1897 1762 protractam

207 1778 307 1810 esse
331 1765 428 1808 dixi
454 1767 577 1809 stare
601 1779 695 1809 non
719 1768 887 1821 potest.
922 1765 1107 1810 Oblitus
1132 1779 1260 1809 eram
1283 1765 1437 1809 libelli
1459 1779 1581 1809 anno
1609 1770 1721 1809 1535
1738 1764 1896 1822 Haga-

206 1838 323 1868 noae
342 1824 498 1868 emissi
515 1825 596 1868 sed
614 1839 642 1868 a
658 1825 844 1869 Libanii
862 1825 1119 1868 editoribus
1139 1824 1405 1880 criticisque
1429 1825 1668 1881 hucusque
1692 1823 1896 1880 neglecti

207 1883 289 1939 qui
333 1883 625 1928 inscribitur:
674 1885 766 1939 „Iri
804 1885 980 1929 Libello
1008 1886 1014 1940 Ι
1041 1884 1145 1928 Hoc
1183 1886 1352 1929 Insunt
1377 1886 1384 1940 Ι
1411 1882 1751 1942 Πρεσβευτικὸς
1787 1881 1896 1938 Αρι-

209 1940 405 1987 στείὸου.
435 1941 798 1999 ΙΛντιρρητικὸς
827 1943 1067 2000 Λιβανίου.
1097 1945 1235 2000 {Hoc
1271 1948 1346 1987 est.
1406 1943 1528 1999 Quid
1565 1943 1659 1988 dici
1696 1943 1897 1999 amplius

208 2003 264 2046 ab
294 2003 299 2059 Ι
337 2003 490 2060 Ulysse
528 2003 672 2071 leyato
711 2003 774 2048 ad
805 2003 1046 2057 Achillem,
1085 2008 1127 2047 et
1163 2002 1440 2062 relsporwleri
1479 2004 1536 2047 ab
1566 2003 1648 2047 hoc
1680 2002 1894 2058 potuerit.

204 2060 414 2117 Utraque
451 2063 597 2106 oratio
629 2076 842 2106 conversa
879 2064 932 2106 iri
962 2037 1188 2106 La'tinum
1219 2077 1250 2106 a
1279 2063 1433 2107 Ioach.
1469 2061 1696 2106 Camerwr.
1752 2061 1894 2105 Eius-

207 2121 306 2165 dem
337 2126 378 2165 et
409 2122 716 2177 paraphrasis
753 2135 938 2179 macca,
971 2122 1207 2166 Homerici
1235 2122 1472 2177 utriusque
1507 2122 1594 2166 loci
1625 2120 1789 2164 addita
1818 2124 1894 2164 est.

209 2180 397 2224 Habent
425 2180 620 2224 studiosi
650 2182 822 2224 artium
853 2181 1078 2238 eyreyium
1109 2181 1360 2236 eoeemplum
1388 2181 1717 2234 scholasticum,
1748 2180 1894 2232 cuias,

208 2245 261 2283 ut
290 2241 473 2295 opinor,
511 2239 656 2283 simile
693 2253 788 2283 riori
817 2240 1040 2284 viderant.
1096 2240 1285 2297 Hayari
1319 2240 1409 2283 An.
1436 2239 1679 2284 XXXV“.
1742 2236 1896 2282 Codex

210 2297 610 2354 Christophori
656 2298 895 2342 Pistorii
934 2298 1178 2353 Onoldini,
1224 2298 1356 2342 cuius
1399 2298 1670 2355 apographo
1702 2311 1730 2340 a
1760 2296 1896 2340 Vin-

211 2357 402 2400 centio
436 2356 728 2413 Obsopoeo
762 2356 993 2405 Onoldino
1031 2358 1156 2401 facto
1190 2356 1543 2401 Camerarius
1573 2371 1684 2400 usus
1718 2357 1802 2411 est,
1837 2354 1894 2398 de

210 2430 301 2471 quo
333 2416 382 2459 in
413 2416 705 2472 praefatione
729 2431 774 2472 p.
801 2421 825 2459 9
850 2416 966 2460 haec
990 2416 1126 2461 dicit:
1162 2417 1290 2461 Haec
1319 2417 1434 2461 mihi
1461 2421 1570 2461 sunt
1593 2417 1731 2460 missa
1753 2428 1895 2471 quon-

210 2476 315 2519 dam
358 2476 415 2520 ab
457 2477 602 2520 amico
645 2481 685 2519 et
728 2478 979 2520 necessario
1021 2482 1175 2520 nostro
1218 2475 1471 2520 doctissimo
1511 2476 1611 2520 viro
1659 2474 1894 2519 Vincentio

214 2534 458 2590 Obsopoeo,
500 2535 581 2591 qai
618 2536 921 2590 descripsisset
959 2549 980 2578 e
1011 2540 1264 2591 pervetusto
1302 2535 1451 2579 codice
1489 2534 1551 2577 D.
1587 2531 1896 2588 Christophori

212 2594 404 2637 Pistorii
427 2594 687 2651 paedayoyi
709 2595 989 2649 principalis
1018 2595 1070 2638 iri
1101 2595 1212 2638 aula
1244 2594 1305 2636 M
1305 2594 1533 2638 archioms
1562 2592 1705 2638 vicini
1735 2592 1892 2636 civita·

210 2652 270 2696 tis
292 2658 484 2706 nostrae,
510 2666 535 2695 e
558 2665 726 2719 genere
751 2654 821 2696 est
853 2665 1011 2696 eorum
1035 2666 1167 2708 quos
1161 2652 1432 2697 Aristideos
1454 2651 1704 2704 nominavi,
1735 2663 1893 2694 verum

210 2713 368 2754 utrum
400 2711 586 2754 omnino
618 2710 756 2755 ubive
787 2711 927 2755 hodie
957 2711 1104 2756 lateat
1133 2712 1308 2768 ignoro.
1353 2711 1475 2755 Nam
1507 2725 1535 2754 a
1565 2707 1893 2766 superstitibus

177 2788 179 2791 ·
211 2783 327 2825 quos
351 2770 616 2813 enumeravi
641 2770 877 2813 codicibus
903 2770 1108 2813 diversus
1133 2771 1214 2814 est
1264 2770 1476 2814 Proxime
1500 2771 1595 2813 stat
1619 2782 1647 2812 a
1680 2769 1749 2824 Vi,
1781 2780 1894 2822 11110-

211 2841 316 2871 cum
345 2843 390 2884 p.
418 2833 591 2882 317,10
624 2828 671 2871 111
704 2837 786 2873 τοῦ
816 2832 934 2873 θεοῦ
966 2843 1049 2884 pro
1089 2836 1182 2873 τῶν
1220 2831 1349 2873 θεῶν
1388 2830 1436 2872 et
1467 2832 1567 2880 318,
1587 2832 1640 2871 13
1672 2827 1721 2870 in
1738 2803 1893 2870 ἀπόλ-

209 2889 317 2931 λωνι
350 2901 433 2943 pro
457 2890 556 2945 θεῷ
588 2888 805 2941 concinit,
839 2887 919 2931 sed
945 2887 1002 2930 ab
1027 2887 1115 2932 hoc
1139 2901 1324 2944 quoque
1346 2901 1670 2942 nonnusquam
1699 2884 1892 2937 recedit,
1956 2929 1959 2933 ,

210 2948 264 2988 ut
309 2960 353 3002 p.
384 2950 483 3001 306,
502 2951 528 2990 2
575 2947 768 3003 praebet
813 2945 1069 3004 ὑβρίσματα
1117 2960 1219 2990 011111
1255 2947 1437 3002 MCan,
1481 2959 1574 2989 non
1613 2942 1893 3001 ἐγκλήματα·
