2044 3168
380 143 551 188 LEGIS
583 142 827 188 CONTRA
858 140 1217 186 ADULTEROS
1251 140 1459 185 SUASIO
1663 139 1773 193 305

88 280 219 334 ἀλλ’
274 282 466 344 αὐτὸς
527 278 875 350 σφαττέτω.
937 279 993 330 τί
1046 279 1211 330 τοῦδε
1268 276 1633 347 σαφε’στερον;
1686 275 1778 330 καὶ

88 371 198 439 μὴν
245 370 304 424 ἐν
349 378 424 438 τῷ
466 371 661 439 μοιχὸν
707 370 881 422 εἰπεῖν
926 366 1106 419 πάντα
1154 365 1337 429 ἁπλῶς
1383 366 1778 435 περιλαμβάνει

88 461 308 528 μοιχόν,
355 458 459 511 κᾶν
505 457 629 520 νέος
668 450 701 529 ᾗ
738 455 844 509 κᾶν
882 457 955 525 μὴ
1002 454 1150 524 νέος,
1197 455 1300 508 κᾶν
1348 456 1625 523 ἄγνωστος
1675 455 1779 508 κᾶν

90 549 381 617 γνώριμος,
420 546 524 600 κᾶν
563 547 812 614 συνήθης
849 544 954 598 κᾶν
991 548 1088 614 μή,
1136 545 1240 598 κᾶν
1278 554 1390 597 τῶν
1429 543 1638 608 ἔξωθεν
1674 543 1780 597 κᾶν

89 647 201 689 τῶν
235 638 490 705 ἔνδοθεν,
521 634 611 688 καὶ
644 634 783 697 ὅλως
824 632 991 687 οὐδὲν
1022 632 1351 702 ὑπεξείλετο,
1391 633 1456 686 οὐ
1495 633 1672 702 γένος,
1713 633 1778 686 οὐ
1827 654 1846 686 5

90 727 286 794 τύχην,
333 726 433 794 οὐχ
479 724 713 793 ἡλικίαν.
767 725 823 776 τί
870 724 1034 777 τοῦδε
1088 725 1454 791 δικαιότερον;
1517 722 1604 775 22.
1644 722 1780 775 ἀλλὰ

91 817 199 884 μὴν
238 816 310 877 ὡς
342 812 640 882 συμφέρων
673 812 701 866 ὁ
734 815 919 880 νόμος,
958 814 1126 866 παντί
1161 831 1269 865 που
1311 813 1496 880 δῆλον.
1538 811 1643 880 ἐγὼ
1676 812 1781 881 γὰρ

92 900 196 956 οἶδ’
244 904 326 957 ὅτι
382 904 616 967 σώζουσι
662 899 765 970 μὲν
810 903 906 965 τὰς
952 904 1138 965 πόλεις
1185 902 1246 954 αί
1289 910 1589 970 στρατεῖαι,
1636 909 1782 954 ποιεῖ

93 993 153 1046 δὲ
199 995 329 1055 τοὺς
375 990 618 1055 ἐξιόντας
665 990 944 1061 εὐψύχους
990 993 1051 1045 τὸ
1099 990 1358 1061 μέγιστον
1404 1000 1516 1043 τῶν
1570 992 1782 1058 ἄθλων,

92 1083 310 1150 γνήσιοι
348 1082 551 1143 παῖδες.
590 1080 660 1133 ἂν
700 1079 765 1133 δέ
799 1101 892 1150 μοι
923 1081 1137 1134 τούτων
1168 1081 1264 1143 τὰς
1295 1081 1463 1148 γονὰς
1501 1080 1781 1142 ὑπόπτους
1807 1103 1850 1136 ιο

91 1179 219 1241 ποιῇ
251 1190 350 1238 τις,
390 1166 431 1222 ὦ
462 1171 649 1239 πάτερ,
683 1174 902 1239 φαῦλον
933 1179 1078 1223 ποιεῖ
1111 1169 1341 1238 ὁπλίτην
1372 1170 1470 1223 τὸν
1500 1166 1639 1239 ὑπὲρ
1672 1189 1783 1222 τοι-

92 1261 271 1326 ούτων
309 1262 632 1329 μαχόμενον.
674 1259 881 1312 οὐκοῦν
921 1259 949 1313 ὁ
984 1258 1234 1328 συνέχων
1270 1259 1372 1327 τὴν
1411 1259 1785 1327 σωφροσύνην

93 1353 259 1419 νόμος
298 1345 457 1412 οὗτος
497 1357 733 1419 φρουρεῖ
771 1350 874 1418 τὴν
911 1351 1090 1402 πόλιν.

203 1439 288 1491 23.
333 1439 600 1506 Θαυμάζω
634 1435 694 1490 δὲ
725 1439 813 1490 καὶ
847 1439 995 1501 τίνος
1034 1435 1164 1491 ποτὲ
1197 1437 1515 1508 εὐπορηκὼς
1547 1438 1576 1491 ὁ
1608 1438 1784 1507 πατὴρ

95 1530 262 1596 λόγου
301 1528 568 1580 κωλύσων
606 1527 724 1595 ἥκει
763 1529 862 1581 τὸν
907 1529 1095 1596 νόμον.
1142 1511 1214 1580 ‘cb'
1252 1527 1354 1596 μὲν
1399 1528 1504 1595 γὰρ
1555 1528 1785 1596 ἰσχυρὸν
1811 1549 1852 1584 1⁶

95 1616 271 1670 ἐκεῖνο
311 1618 373 1670 τὸ
405 1615 613 1684 μηδένα
646 1617 766 1669 δεῖν
797 1618 1024 1686 ἄκριτον
1057 1616 1116 1668 ἐν
1150 1618 1485 1688 δημοκρατίᾳ
1516 1619 1786 1685 θνήσκειν

94 1706 419 1759 ἀπολώλεκε.
473 1715 609 1776 πῶς;
664 1704 848 1768 οὐδεὶς
894 1715 1007 1759 τῶν
1051 1709 1302 1759 παλαιῶν
1349 1708 1536 1775 νόμων
1580 1705 1786 1774 πατέρα

94 1798 353 1864 πεποιήκε
386 1796 585 1864 κύριον
617 1803 710 1864 τῆς
746 1803 858 1847 τῶν
896 1796 1113 1848 παίδων
1150 1803 1346 1864 ψυχῆς,
1385 1795 1523 1848 ἀλλὰ
1560 1796 1788 1848 τύπτειν

96 1881 197 1951 μὲν
236 1884 326 1936 καὶ
365 1883 626 1954 τραπέζης
667 1883 997 1937 ἀπελαύνειν
1035 1884 1126 1937 καὶ
1172 1885 1244 1954 μὴ
1293 1883 1649 1952 διαλέγεσθαι
1695 1883 1787 1937 καὶ

97 1972 297 2042 ῥήμασι
322 1977 576 2043 χαλεποῖς
606 1972 768 2026 ἀνιᾶν
800 1972 890 2026 καὶ
920 1974 987 2026 τὰ
1018 1981 1246 2026 τοιαῦτα
1279 1973 1497 2027 δέδοται
1524 1980 1598 2046 τῷ
1624 1974 1786 2043 πατρὶ-
1811 1996 1855 2028 20

97 2061 187 2114 καὶ
230 2062 398 2115 οὐδὲν
437 2060 525 2115 ἐπὶ
563 2070 735 2115 ταῦτα
776 2063 860 2114 δεῖ
895 2063 1170 2115 δικαστῶν
1217 2062 1348 2115 οὐδὲ
1395 2065 1616 2132 ψήφων,
1656 2063 1788 2116 ἀπο-

98 2159 300 2204 κτεῖναι
324 2148 490 2204 δὲκαὶ
518 2152 923 2221 διαχρήσασθαι
947 2150 1036 2204 καὶ
1062 2153 1362 2215 κατακόψαι
1389 2151 1517 2205 νέον
1540 2153 1613 2221 μὴ
1639 2153 1789 2216 δεξά-

98 2259 268 2306 μενον
302 2241 308 2309 Ι
344 2241 526 2293 αἰτίαν
551 2240 611 2293 έν
642 2239 807 2312 μέσῳ,
838 2242 910 2310 μὴ
942 2242 1178 2310 τυχόντα
1212 2242 1501 2310 δικαστῶν,
1533 2243 1605 2311 μὴ
1654 2245 1773 2290 RIV
1790 2252 1875 2290 575

219 2346 243 2385 9
277 2342 333 2385 cf.
366 2357 411 2398 p.
438 2346 581 2397 282‚2
601 2357 668 2398 sq.
793 2347 845 2386 17
880 2342 1012 2387 Dion.
1045 2343 1150 2387 Hal.
1185 2345 1279 2387 ant.
1308 2343 1351 2386 11
1375 2347 1430 2386 26

220 2435 245 2473 2
277 2430 634 2489 παραλαμβάνει
659 2433 744 2476 Mo
865 2436 891 2475 ὃ
923 2432 1003 2476 καὶ
1027 2445 1103 2476 om
1128 2433 1266 2477 ΗΜο
1329 2432 1502 2476 delevit
1525 2433 1592 2476 Re
1621 2435 1627 2489 Ι
1654 2434 1788 2487 ὑπεξ-

103 2486 244 2533 είλετο
273 2490 324 2534 Ol
355 2490 437 2533 sed
469 2494 560 2546 ε(3)
594 2504 648 2534 ex
681 2508 710 2533 α
744 2504 846 2534 corr
875 2491 945 2534 m³
1087 2496 1112 2534 6
1146 2493 1220 2535 δεῖ
1249 2493 1327 2535 καὶ
1354 2491 1507 2547 ἕτερον
1532 2494 1670 2537 ΗΜο

102 2551 129 2590 8
162 2548 430 2606 στρατηγίαι
455 2551 650 2595 MLaur
673 2550 775 2594 Mor
894 2555 918 2593 9
954 2550 1102 2595 ἄλλων
1127 2553 1158 2595 Ι
1281 2557 1334 2595 10
1367 2551 1562 2608 δέκαμοι
1588 2552 1671 2596 Mo

16 2616 21 2621 '
104 2612 157 2651 11
190 2607 260 2658 τίς
279 2609 335 2652 Η
357 2612 363 2664 Ι
391 2616 482 2653 τῶν
506 2612 613 2653 ante
637 2610 860 2654 τοιούτων
885 2611 946 2653 Μ
1064 2615 1117 2653 12
1151 2610 1366 2669 συνάγων
1392 2612 1449 2655 Η
1566 2616 1618 2654 13
1645 2628 1789 2666 φρου-

104 2674 178 2721 ρεῖ
192 2668 279 2710 Μα
304 2668 385 2711 sed
411 2685 534 2724 φρου
558 2669 606 2712 in
629 2683 705 2712 ras
729 2669 799 2711 m’·
921 2674 975 2712 14
1005 2669 1234 2725 θαυμάζω
1261 2697 1315 2702 -
1336 2674 1390 2713 15
1415 2668 1560 2726 νόμον
1584 2670 1631 2714 in
1657 2684 1791 2726 marg

106 2726 218 2770 Μετ’
241 2730 288 2770 et
311 2726 525 2783 κείμενον
551 2730 747 2783 antepos
771 2728 841 2770 m⁸
866 2730 873 2783 1
901 2729 943 2772 εἰ
966 2731 1075 2773 ante
1101 2730 1179 2773 καὶ
1203 2730 1259 2773 Η
1281 2732 1288 2787 Ι
1315 2730 1392 2774 καὶ
1420 2743 1494 2773 om
1521 2731 1583 2773 M
1602 2730 1703 2773 Mor
1730 2732 1736 2785 Ι
1764 2729 1788 2772 ὁ

103 2785 255 2840 πατὴρ
289 2787 555 2842 εὐπορηκώς
579 2788 691 2831 Ma²
813 2792 866 2830 16
900 2788 950 2831 ἐν
981 2802 1055 2831 om
1082 2789 1244 2833 Laurl
1366 2793 1420 2832 18
1455 2787 1681 2845 πεποίηκε
1713 2789 1791 2832 κύ·

106 2860 208 2899 ριον
226 2845 390 2901 scripsi
408 2860 462 2889 ex
481 2846 767 2891 HMoMaCz
826 2847 990 2901 κύριον
1005 2846 1228 2903 πεποίηκε
1246 2849 1463 2892 BLaurI
1476 2848 1565 2891 edd
1627 2848 1790 2903 κύριον

104 2901 355 2959 πεποίηται
379 2906 441 2948 Μ
559 2910 613 2948 19
648 2911 731 2961 τῆς
762 2908 870 2949 ante
901 2905 1127 2962 τραπέζης
1150 2909 1184 2951 Ι
1226 2910 1232 2962 Ι
1282 2908 1432 2963 mm)
1464 2921 1540 2950 om
1571 2907 1674 2950 Mor

108 2966 164 3005 20
189 2961 504 3008 δέδοκταιΜα
565 2962 750 3008 δίδοται
767 2966 813 3009 Β
840 2968 846 3022 Ι
874 2969 936 3025 τῷ
954 2979 1028 3009 om
1046 2967 1270 3010 HLaurI
1384 2971 1438 3009 23
1464 2966 1615 3010 αἴτιον
1630 2967 1799 3010 LaurI

195 3044 389 3078 nummus
407 3046 464 3078 ed.
478 3047 539 3078 Fo
550 3049 711 3078 erutor.
729 3047 817 3078 VII.
1381 3043 1435 3083 20
