2020 3146
91 102 282 148 AVARI
314 102 391 147 OB
417 100 753 147 TALENTUM
776 100 1149 149 AESGULAPIO
1174 100 1392 148 VOTUM
1414 99 1610 145 ABDIC.
1678 100 1781 153 141

85 241 179 308 φή.
215 237 221 309 Ι
257 237 473 308 ἀρκέσει
522 253 610 292 σοι
655 243 840 312 πολλῷ
887 242 1067 312 χρόνῳ
1106 239 1167 292 τὸ
1213 238 1497 292 τάλαντον.
1553 238 1602 290 εἰ
1648 241 1769 286 RIV
1787 245 1872 286 669

87 325 134 380 δ’
198 328 426 394 ἄμεινον
480 329 711 382 διοικεῖν
766 327 1071 396 ἐπίσταται,
1127 329 1346 396 ζητείτω
1401 325 1492 379 καὶ
1547 328 1783 396 χρήστας

85 417 250 469 τόκου
289 418 564 485 πλείονας,
602 418 697 470 ἵνα
734 418 825 470 καὶ
863 418 926 471 τὸ
958 417 1231 470 τάλαντον
1261 417 1397 468 κατὰ
1429 416 1615 486 χώραν
1646 414 1782 486 με’νῃ

86 503 177 557 καὶ
216 504 248 573 ἡ
288 504 395 558 ἀπὸ
435 514 535 559 τοῦ
575 508 741 559 τόκου
783 506 1063 576 ἐνυπάρχῃ
1102 507 1297 575 τροφή.

89 696 94 754 ι
130 695 255 739 αὐτῶ
281 696 448 753 scripsi
509 697 654 740 αὐτοῦ
679 684 796 753 (αὖτ’
813 697 898 751 Va)
928 695 1039 740 libri
1069 696 1160 740 edd
1189 696 1194 753 ι
1221 693 1363 747 ποιὸς
1386 696 1467 740 καὶ
1498 697 1608 740 ante
1630 694 1783 751 τροφή

87 756 148 798 Μ
174 742 269 798 edd
301 756 383 799 sed
414 770 490 800 om
521 772 576 813 γρ
608 755 659 799 in
688 769 824 814 marg
854 755 969 811 Mor,
1001 756 1306 801 uocbVaLaB

210 834 232 872 1
269 828 452 885 ἀρκέσει
484 830 554 874 Va
585 829 667 874 sed
707 845 787 884 ρκε
825 829 874 873 in
906 844 981 873 ras
1013 829 1083 873 m²
1160 829 1350 885 ἀσκήσει
1374 830 1436 873 Μ
1462 829 1542 873 sed
1576 845 1782 888 μεταχει-

87 886 264 944 ρίσεται
295 902 512 945 suprascr
541 903 586 946 y,
610 889 735 933 LaB
765 888 869 933 Mor
898 889 967 933 Re
1028 888 1259 946 scriptura
1290 889 1340 932 in
1367 889 1427 935 Gr
1456 888 1634 936 incerta
1683 890 1690 944 Ι
1741 888 1783 933 εἰ

86 944 132 992 δ’
162 974 218 980 -
251 953 278 991 3
316 946 538 999 πλείονας
579 948 849 1005 praemissis
892 948 1044 992 verbis
1088 947 1332 1005 δανειστὴς
1375 948 1399 993 ὃ
1443 947 1601 993 ἕνεκεν
1640 947 1782 993 τόκου

82 1006 300 1065 παρέχων
330 1007 556 1065 χρήματα,
587 1007 783 1066 χρήστης
814 1008 838 1052 ὁ
871 1009 1011 1065 χωρὶς
1039 1006 1194 1063 τόκον,
1227 1015 1598 1066 καταχρηστικῶς
1625 1007 1783 1051 δὲκαὶ

82 1066 107 1110 ὃ
149 1065 306 1111 ἕνεκεν
343 1065 499 1112 τόκου.
532 1066 758 1125 Λιβάνιος
789 1067 907 1111 citat
938 1067 1115 1124 Lopad.
1147 1067 1236 1112 lex.
1269 1067 1409 1112 Vind.
1441 1082 1487 1124 p.
1520 1071 1599 1122 43,
1620 1072 1675 1111 10
1708 1067 1780 1110 ed.

85 1124 253 1169 Nauck
396 1131 421 1169 2
461 1127 542 1170 καὶ
581 1141 656 1171 om
691 1128 735 1171 V
777 1132 783 1182 Ι
832 1126 1032 1185 χρήστας
1068 1125 1211 1172 τόκου
1250 1127 1415 1184 scripsi
1447 1141 1503 1171 ex
1530 1127 1709 1172 HVLa

87 1184 285 1244 χρήστας
313 1184 463 1230 τόκων
487 1186 651 1242 Lopad
711 1186 852 1231 τόκον
875 1186 1075 1244 χρήστας
1101 1187 1163 1230 M
1171 1187 1286 1231 VaB
1317 1187 1407 1230 edd
1470 1186 1702 1243 scripssura
1732 1186 1783 1231 in

88 1245 150 1290 Gr
180 1244 358 1289 incerta.
478 1250 506 1288 4
534 1251 687 1302 τροφῆ
714 1247 790 1291 La
