<?xml version="1.0" encoding="UTF-8"?>
<!DOCTYPE html PUBLIC "-//W3C//DTD XHTML 1.0 Transitional//EN"
    "http://www.w3.org/TR/xhtml1/DTD/xhtml1-transitional.dtd">
<html xmlns="http://www.w3.org/1999/xhtml" xml:lang="en" lang="en">
 <head>
  <title>
</title>
<meta http-equiv="Content-Type" content="text/html;charset=utf-8" />
  <meta name='ocr-system' content='tesseract 3.04.00' />
  <meta name='ocr-capabilities' content='ocr_page ocr_carea ocr_par ocr_line ocrx_word'/>
</head>
<body>
  <div class='ocr_page' id='page_1' title='image "./operarecensuitri07libauoft_0568.png"; bbox 0 0 2014 3158; ppageno 0'>
   <div class='ocr_carea' id='block_1_1' title="bbox 978 486 1166 539">
    <p class='ocr_par' dir='ltr' id='par_1_1' title="bbox 978 486 1166 539">
     <span class='ocr_line' id='line_1_1' title="bbox 978 486 1166 539; baseline -0.005 0"><span class='ocrx_word' id='word_1_1' title='bbox 978 486 1166 539; x_wconf 89' lang='lat' dir='ltr'><strong>XLVI.</strong></span> 
     </span>
    </p>
   </div>
   <div class='ocr_carea' id='block_1_2' title="bbox 154 604 1918 1475">
    <p class='ocr_par' dir='ltr' id='par_1_2' title="bbox 154 604 1918 1475">
     <span class='ocr_line' id='line_1_2' title="bbox 205 604 1915 675; baseline 0 -17"><span class='ocrx_word' id='word_1_2' title='bbox 205 605 409 675; x_wconf 76' lang='grc' dir='ltr'><em>’Έχων</em></span> <span class='ocrx_word' id='word_1_3' title='bbox 461 625 557 669; x_wconf 81' lang='grc' dir='ltr'><em>τις</em></span> <span class='ocrx_word' id='word_1_4' title='bbox 612 616 892 674; x_wconf 88' lang='grc' dir='ltr'><em>γυναῖκα</em></span> <span class='ocrx_word' id='word_1_5' title='bbox 946 604 1051 658; x_wconf 83' lang='grc' dir='ltr'><em>καὶ</em></span> <span class='ocrx_word' id='word_1_6' title='bbox 1108 606 1193 658; x_wconf 81' lang='grc' dir='ltr'><em>ὢν</em></span> <span class='ocrx_word' id='word_1_7' title='bbox 1247 605 1369 658; x_wconf 88' lang='grc' dir='ltr'><em>ὑπὸ</em></span> <span class='ocrx_word' id='word_1_8' title='bbox 1424 604 1620 675; x_wconf 89' lang='grc' dir='ltr'><em>πατρὶ</em></span> <span class='ocrx_word' id='word_1_9' title='bbox 1682 605 1915 674; x_wconf 83' lang='grc' dir='ltr'><em>ἀπεδή-</em></span> 
     </span>
     <span class='ocr_line' id='line_1_3' title="bbox 220 692 1918 765; baseline 0 -17"><span class='ocrx_word' id='word_1_10' title='bbox 220 709 432 765; x_wconf 86' lang='grc' dir='ltr'><em>μησεν.</em></span> <span class='ocrx_word' id='word_1_11' title='bbox 491 694 748 764; x_wconf 82' lang='grc' dir='ltr'><em>ἐγένετο</em></span> <span class='ocrx_word' id='word_1_12' title='bbox 804 695 926 748; x_wconf 85' lang='grc' dir='ltr'><em>ὑπὸ</em></span> <span class='ocrx_word' id='word_1_13' title='bbox 976 699 1256 764; x_wconf 79' lang='grc' dir='ltr'><em>λῃσταῖς.</em></span> <span class='ocrx_word' id='word_1_14' title='bbox 1312 692 1553 762; x_wconf 80' lang='grc' dir='ltr'><em>ἔγραψε</em></span> <span class='ocrx_word' id='word_1_15' title='bbox 1599 695 1758 764; x_wconf 82' lang='grc' dir='ltr'><em>πρὸς</em></span> <span class='ocrx_word' id='word_1_16' title='bbox 1804 695 1918 748; x_wconf 92' lang='grc' dir='ltr'><em>τὸν</em></span> 
     </span>
     <span class='ocr_line' id='line_1_4' title="bbox 218 783 1917 854; baseline 0 -17"><span class='ocrx_word' id='word_1_17' title='bbox 218 783 462 854; x_wconf 80' lang='grc' dir='ltr'><strong><em>πατέρα</em></strong></span> <span class='ocrx_word' id='word_1_18' title='bbox 502 788 789 853; x_wconf 80' lang='grc' dir='ltr'><em>λυθῆναι</em></span> <span class='ocrx_word' id='word_1_19' title='bbox 830 785 1153 852; x_wconf 83' lang='grc' dir='ltr'><em>δεόμενος.</em></span> <span class='ocrx_word' id='word_1_20' title='bbox 1207 783 1235 836; x_wconf 88' lang='grc' dir='ltr'>ὁ</span> <span class='ocrx_word' id='word_1_21' title='bbox 1277 783 1346 836; x_wconf 78' lang='grc' dir='ltr'><em>δὲ</em></span> <span class='ocrx_word' id='word_1_22' title='bbox 1379 783 1495 852; x_wconf 85' lang='grc' dir='ltr'><em>οὐχ</em></span> <span class='ocrx_word' id='word_1_23' title='bbox 1527 783 1917 852; x_wconf 81' lang='grc' dir='ltr'><strong><em>ὑπήκουσεν.</em></strong></span> 
     </span>
     <span class='ocr_line' id='line_1_5' title="bbox 219 868 1917 942; baseline 0 -17"><span class='ocrx_word' id='word_1_24' title='bbox 219 873 251 941; x_wconf 84' lang='grc' dir='ltr'><em>ἡ</em></span> <span class='ocrx_word' id='word_1_25' title='bbox 292 874 455 941; x_wconf 88' lang='grc' dir='ltr'><em>γυνὴ</em></span> <span class='ocrx_word' id='word_1_26' title='bbox 497 871 869 942; x_wconf 78' lang='grc' dir='ltr'><em>ἀποδομένη</em></span> <span class='ocrx_word' id='word_1_27' title='bbox 916 874 989 925; x_wconf 79' lang='grc' dir='ltr'><em>τὰ</em></span> <span class='ocrx_word' id='word_1_28' title='bbox 1037 875 1193 926; x_wconf 81' lang='grc' dir='ltr'><em>ὄντα</em></span> <span class='ocrx_word' id='word_1_29' title='bbox 1241 872 1400 942; x_wconf 72' lang='grc' dir='ltr'><em>αὑτῇ</em></span> <span class='ocrx_word' id='word_1_30' title='bbox 1450 868 1768 926; x_wconf 78' lang='grc' dir='ltr'><strong><em>ἔπλευσεν</em></strong></span> <span class='ocrx_word' id='word_1_31' title='bbox 1815 871 1917 926; x_wconf 85' lang='grc' dir='ltr'><em>ἐπὶ</em></span> 
     </span>
     <span class='ocr_line' id='line_1_6' title="bbox 175 959 1916 1034; baseline 0 -19"><span class='ocrx_word' id='word_1_32' title='bbox 175 968 300 1034; x_wconf 68' lang='grc' dir='ltr'><em>ὅτῷ</em></span> <span class='ocrx_word' id='word_1_33' title='bbox 364 963 711 1015; x_wconf 89' lang='grc' dir='ltr'><em>λύσασθαι.</em></span> <span class='ocrx_word' id='word_1_34' title='bbox 789 965 1072 1032; x_wconf 79' lang='grc' dir='ltr'><em>ναυαγίᾳ</em></span> <span class='ocrx_word' id='word_1_35' title='bbox 1140 962 1471 1031; x_wconf 82' lang='grc' dir='ltr'><em>ἐχρήσατο.</em></span> <span class='ocrx_word' id='word_1_36' title='bbox 1549 959 1916 1031; x_wconf 78' lang='grc' dir='ltr'><em>ἐξεβράσθη</em></span> 
     </span>
     <span class='ocr_line' id='line_1_7' title="bbox 219 1043 1917 1122; baseline 0.001 -19"><span class='ocrx_word' id='word_1_37' title='bbox 219 1051 311 1112; x_wconf 79' lang='grc' dir='ltr'><em>εἰς</em></span> <span class='ocrx_word' id='word_1_38' title='bbox 350 1051 463 1104; x_wconf 93' lang='grc' dir='ltr'><em>τὸν</em></span> <span class='ocrx_word' id='word_1_39' title='bbox 502 1052 705 1104; x_wconf 86' lang='grc' dir='ltr'><em>τόπον</em></span> <span class='ocrx_word' id='word_1_40' title='bbox 745 1050 812 1104; x_wconf 83' lang='grc' dir='ltr'><em>ἐν</em></span> <span class='ocrx_word' id='word_1_41' title='bbox 853 1043 897 1122; x_wconf 68' lang='grc' dir='ltr'><em>ᾧ</em></span> <span class='ocrx_word' id='word_1_42' title='bbox 936 1045 1014 1118; x_wconf 73' lang='grc' dir='ltr'><em>ἦν</em></span> <span class='ocrx_word' id='word_1_43' title='bbox 1055 1050 1082 1103; x_wconf 89' lang='grc' dir='ltr'>ὁ</span> <span class='ocrx_word' id='word_1_44' title='bbox 1126 1050 1303 1119; x_wconf 78' lang='grc' dir='ltr'><em>ἀνήρ.</em></span> <span class='ocrx_word' id='word_1_45' title='bbox 1362 1050 1520 1103; x_wconf 83' lang='grc' dir='ltr'><em>ἰδὼν</em></span> <span class='ocrx_word' id='word_1_46' title='bbox 1562 1049 1810 1113; x_wconf 84' lang='grc' dir='ltr'><em>ἐκεῖνος</em></span> <span class='ocrx_word' id='word_1_47' title='bbox 1847 1051 1917 1104; x_wconf 94' lang='grc' dir='ltr'><em>τὸ</em></span> 
     </span>
     <span class='ocr_line' id='line_1_8' title="bbox 220 1138 1916 1210; baseline 0 -18"><span class='ocrx_word' id='word_1_48' title='bbox 220 1149 396 1208; x_wconf 84' lang='grc' dir='ltr'><em>σῶμα</em></span> <span class='ocrx_word' id='word_1_49' title='bbox 427 1138 533 1192; x_wconf 85' lang='grc' dir='ltr'><em>καὶ</em></span> <span class='ocrx_word' id='word_1_50' title='bbox 574 1139 886 1207; x_wconf 79' lang='grc' dir='ltr'><em>ἐπιγνοὺς</em></span> <span class='ocrx_word' id='word_1_51' title='bbox 920 1139 1253 1207; x_wconf 78' lang='grc' dir='ltr'><em>ἐδάκρυσε.</em></span> <span class='ocrx_word' id='word_1_52' title='bbox 1289 1141 1558 1207; x_wconf 82' lang='grc' dir='ltr'><em>γνόντες</em></span> <span class='ocrx_word' id='word_1_53' title='bbox 1592 1140 1652 1191; x_wconf 81' lang='grc' dir='ltr'><em>οἱ</em></span> <span class='ocrx_word' id='word_1_54' title='bbox 1686 1138 1916 1210; x_wconf 79' lang='grc' dir='ltr'><em>λῃσταὶ</em></span> 
     </span>
     <span class='ocr_line' id='line_1_9' title="bbox 218 1228 1917 1298; baseline 0.001 -18"><span class='ocrx_word' id='word_1_55' title='bbox 218 1229 334 1298; x_wconf 83' lang='grc' dir='ltr'><em>τὴν</em></span> <span class='ocrx_word' id='word_1_56' title='bbox 373 1230 591 1282; x_wconf 85' lang='grc' dir='ltr'><em>αἰτίαν</em></span> <span class='ocrx_word' id='word_1_57' title='bbox 631 1228 890 1297; x_wconf 82' lang='grc' dir='ltr'><em>ἀφῆκαν</em></span> <span class='ocrx_word' id='word_1_58' title='bbox 937 1228 1150 1281; x_wconf 85' lang='grc' dir='ltr'><em>αὐτόν.</em></span> <span class='ocrx_word' id='word_1_59' title='bbox 1207 1228 1591 1281; x_wconf 80' lang='grc' dir='ltr'><em>ἐπανελθὼν</em></span> <span class='ocrx_word' id='word_1_60' title='bbox 1637 1228 1917 1297; x_wconf 77' lang='grc' dir='ltr'><em>ἀναγκά-</em></span> 
     </span>
     <span class='ocr_line' id='line_1_10' title="bbox 221 1315 1918 1387; baseline 0.001 -19"><span class='ocrx_word' id='word_1_61' title='bbox 221 1320 390 1381; x_wconf 81' lang='grc' dir='ltr'><em>ζεται</em></span> <span class='ocrx_word' id='word_1_62' title='bbox 431 1317 551 1370; x_wconf 86' lang='grc' dir='ltr'><em>ὑπὸ</em></span> <span class='ocrx_word' id='word_1_63' title='bbox 591 1324 708 1370; x_wconf 83' lang='grc' dir='ltr'><em>τοῦ</em></span> <span class='ocrx_word' id='word_1_64' title='bbox 758 1318 998 1387; x_wconf 82' lang='grc' dir='ltr'><em>πατρὸς</em></span> <span class='ocrx_word' id='word_1_65' title='bbox 1046 1325 1280 1386; x_wconf 88' lang='grc' dir='ltr'><em>γαμεῖν</em></span> <span class='ocrx_word' id='word_1_66' title='bbox 1327 1315 1433 1369; x_wconf 82' lang='grc' dir='ltr'><em>καὶ</em></span> <span class='ocrx_word' id='word_1_67' title='bbox 1481 1317 1559 1385; x_wconf 88' lang='grc' dir='ltr'><em>μὴ</em></span> <span class='ocrx_word' id='word_1_68' title='bbox 1600 1319 1918 1385; x_wconf 89' lang='grc' dir='ltr'><em>βουλόμε-</em></span> 
     </span>
     <span class='ocr_line' id='line_1_11' title="bbox 154 1406 1418 1475; baseline -0.001 -17"><span class='ocrx_word' id='word_1_69' title='bbox 154 1427 196 1458; x_wconf 92' lang='lat'><em>10</em></span> <span class='ocrx_word' id='word_1_70' title='bbox 726 1426 837 1468; x_wconf 85' lang='grc' dir='ltr'><em>νος</em></span> <span class='ocrx_word' id='word_1_71' title='bbox 877 1406 1418 1475; x_wconf 82' lang='grc' dir='ltr'><em>ἀποκηρύσσεται.</em></span> 
     </span>
    </p>
   </div>
   <div class='ocr_carea' id='block_1_3' title="bbox 817 1540 1319 1610">
    <p class='ocr_par' dir='ltr' id='par_1_3' title="bbox 817 1540 1319 1610">
     <span class='ocr_line' id='line_1_12' title="bbox 817 1540 1319 1610; baseline 0 -19"><span class='ocrx_word' id='word_1_72' title='bbox 817 1540 894 1591; x_wconf 77' lang='lat' dir='ltr'><em>‘H</em></span> <span class='ocrx_word' id='word_1_73' title='bbox 924 1541 1319 1610; x_wconf 84' lang='grc' dir='ltr'><em>προθεωρία.</em></span> 
     </span>
    </p>
   </div>
   <div class='ocr_carea' id='block_1_4' title="bbox 136 1656 1917 1841">
    <p class='ocr_par' dir='ltr' id='par_1_4' title="bbox 136 1656 1917 1815">
     <span class='ocr_line' id='line_1_13' title="bbox 136 1656 1917 1728; baseline 0.003 -24"><span class='ocrx_word' id='word_1_74' title='bbox 136 1662 172 1704; x_wconf 82' lang='lat' dir='ltr'>R</span> <span class='ocrx_word' id='word_1_75' title='bbox 188 1661 250 1706; x_wconf 91' lang='lat' dir='ltr'><em>IV</em></span> <span class='ocrx_word' id='word_1_76' title='bbox 267 1667 352 1706; x_wconf 89' lang='lat'><em>639</em></span> <span class='ocrx_word' id='word_1_77' title='bbox 516 1658 562 1712; x_wconf 88' lang='lat'><em>1.</em></span> <span class='ocrx_word' id='word_1_78' title='bbox 606 1659 679 1711; x_wconf 70' lang='grc' dir='ltr'><em>Οἱ</em></span> <span class='ocrx_word' id='word_1_79' title='bbox 712 1658 850 1728; x_wconf 83' lang='grc' dir='ltr'><em>πρὸς</em></span> <span class='ocrx_word' id='word_1_80' title='bbox 882 1659 942 1710; x_wconf 90' lang='grc' dir='ltr'><em>τὸ</em></span> <span class='ocrx_word' id='word_1_81' title='bbox 975 1678 1136 1727; x_wconf 81' lang='grc' dir='ltr'><em>ταχος</em></span> <span class='ocrx_word' id='word_1_82' title='bbox 1169 1656 1560 1726; x_wconf 78' lang='grc' dir='ltr'><em>συντιθέμενοι</em></span> <span class='ocrx_word' id='word_1_83' title='bbox 1591 1667 1703 1710; x_wconf 86' lang='grc' dir='ltr'><em>τῶν</em></span> <span class='ocrx_word' id='word_1_84' title='bbox 1735 1659 1917 1724; x_wconf 84' lang='grc' dir='ltr'><em>λόγων</em></span> 
     </span>
     <span class='ocr_line' id='line_1_14' title="bbox 221 1745 1916 1841; baseline 0 -43"><span class='ocrx_word' id='word_1_85' title='bbox 221 1745 382 1840; x_wconf 78' lang='grc' dir='ltr'><em>ἀρετῇ</em></span> <span class='ocrx_word' id='word_1_86' title='bbox 423 1767 524 1841; x_wconf 81' lang='grc' dir='ltr'><em>μεν</em></span> <span class='ocrx_word' id='word_1_87' title='bbox 565 1746 955 1800; x_wconf 79' lang='grc' dir='ltr'><em>ἀπολείπονται</em></span> <span class='ocrx_word' id='word_1_88' title='bbox 1002 1756 1114 1799; x_wconf 87' lang='grc' dir='ltr'><em>τῶν</em></span> <span class='ocrx_word' id='word_1_89' title='bbox 1161 1750 1330 1816; x_wconf 77' lang='grc' dir='ltr'><em>σχολῇ</em></span> <span class='ocrx_word' id='word_1_90' title='bbox 1371 1746 1762 1815; x_wconf 85' lang='grc' dir='ltr'><em>γραφομένων,</em></span> <span class='ocrx_word' id='word_1_91' title='bbox 1807 1747 1916 1798; x_wconf 81' lang='grc' dir='ltr'><em>δει-</em></span> 
     </span>
    </p>
   </div>
   <div class='ocr_carea' id='block_1_5' title="bbox 339 1839 1713 2452">
    <p class='ocr_par' dir='ltr' id='par_1_5' title="bbox 340 1839 1614 1918">
     <span class='ocr_line' id='line_1_15' title="bbox 340 1839 1614 1918; baseline -0.002 -11"><span class='ocrx_word' id='word_1_92' title='bbox 340 1839 394 1907; x_wconf 81' lang='lat' dir='ltr'><strong><em>H</em></strong></span> <span class='ocrx_word' id='word_1_93' title='bbox 466 1895 519 1898; x_wconf 82' lang='lat'><em>--</em></span> <span class='ocrx_word' id='word_1_94' title='bbox 466 1863 703 1906; x_wconf 72' lang='lat' dir='ltr'>—Oodex</span> <span class='ocrx_word' id='word_1_95' title='bbox 733 1861 1191 1918; x_wconf 72' lang='lat' dir='ltr'>Hierosolymitanus</span> <span class='ocrx_word' id='word_1_96' title='bbox 1225 1861 1268 1905; x_wconf 99' lang='lat' dir='ltr'>S</span> <span class='ocrx_word' id='word_1_97' title='bbox 1295 1861 1505 1918; x_wconf 83' lang='lat' dir='ltr'>Sepulcri</span> <span class='ocrx_word' id='word_1_98' title='bbox 1533 1866 1614 1905; x_wconf 77' lang='lat'><em>107</em></span> 
     </span>
    </p>

    <p class='ocr_par' dir='ltr' id='par_1_6' title="bbox 349 1922 1023 1978">
     <span class='ocr_line' id='line_1_16' title="bbox 349 1922 1023 1978; baseline -0.003 -12"><span class='ocrx_word' id='word_1_99' title='bbox 349 1923 394 1966; x_wconf 90' lang='lat' dir='ltr'><strong><em>V</em></strong></span> <span class='ocrx_word' id='word_1_100' title='bbox 464 1944 519 1958; x_wconf 90' lang='lat'><strong><em>=</em></strong></span> <span class='ocrx_word' id='word_1_101' title='bbox 545 1922 802 1966; x_wconf 74' lang='lat' dir='ltr'><strong>Vaticanus</strong></span> <span class='ocrx_word' id='word_1_102' title='bbox 834 1937 902 1978; x_wconf 88' lang='lat' dir='ltr'><em>gr.</em></span> <span class='ocrx_word' id='word_1_103' title='bbox 937 1926 1023 1965; x_wconf 82' lang='lat'><em>940</em></span> 
     </span>
    </p>

    <p class='ocr_par' dir='ltr' id='par_1_7' title="bbox 339 1980 1692 2084">
     <span class='ocr_line' id='line_1_17' title="bbox 339 1980 1692 2037; baseline -0.001 -12"><span class='ocrx_word' id='word_1_104' title='bbox 339 1982 406 2025; x_wconf 81' lang='lat' dir='ltr'><em>Li</em></span> <span class='ocrx_word' id='word_1_105' title='bbox 467 2003 522 2017; x_wconf 81' lang='lat'><em>==</em></span> <span class='ocrx_word' id='word_1_106' title='bbox 549 1980 804 2037; x_wconf 77' lang='lat' dir='ltr'>Lipsiensis</span> <span class='ocrx_word' id='word_1_107' title='bbox 836 1981 1154 2024; x_wconf 63' lang='lat' dir='ltr'>bibliofihecae</span> <span class='ocrx_word' id='word_1_108' title='bbox 1186 1980 1508 2025; x_wconf 73' lang='lat' dir='ltr'>universitatis</span> <span class='ocrx_word' id='word_1_109' title='bbox 1542 1995 1609 2037; x_wconf 86' lang='lat' dir='ltr'><em>gr.</em></span> <span class='ocrx_word' id='word_1_110' title='bbox 1637 1985 1692 2023; x_wconf 84' lang='lat'><em>38</em></span> 
     </span>
     <span class='ocr_line' id='line_1_18' title="bbox 341 2039 1122 2084; baseline -0.001 0"><span class='ocrx_word' id='word_1_111' title='bbox 341 2041 417 2084; x_wconf 84' lang='lat' dir='ltr'><em>La</em></span> <span class='ocrx_word' id='word_1_112' title='bbox 465 2063 517 2076; x_wconf 91' lang='lat'><strong><em>=</em></strong></span> <span class='ocrx_word' id='word_1_113' title='bbox 547 2040 886 2084; x_wconf 69' lang='lat' dir='ltr'>Laurenbianus</span> <span class='ocrx_word' id='word_1_114' title='bbox 918 2039 1039 2084; x_wconf 85' lang='lat' dir='ltr'>LVII</span> <span class='ocrx_word' id='word_1_115' title='bbox 1066 2044 1122 2083; x_wconf 90' lang='lat'><em>44</em></span> 
     </span>
    </p>

    <p class='ocr_par' dir='ltr' id='par_1_8' title="bbox 342 2098 1023 2155">
     <span class='ocr_line' id='line_1_19' title="bbox 342 2098 1023 2155; baseline 0.001 -14"><span class='ocrx_word' id='word_1_116' title='bbox 342 2099 403 2141; x_wconf 89' lang='lat' dir='ltr'><em>M</em></span> <span class='ocrx_word' id='word_1_117' title='bbox 466 2122 518 2135; x_wconf 84' lang='lat'><strong><em>=</em></strong></span> <span class='ocrx_word' id='word_1_118' title='bbox 548 2098 812 2143; x_wconf 88' lang='lat' dir='ltr'>Marcianus</span> <span class='ocrx_word' id='word_1_119' title='bbox 845 2114 911 2155; x_wconf 87' lang='lat' dir='ltr'><em>gr.</em></span> <span class='ocrx_word' id='word_1_120' title='bbox 938 2103 1023 2142; x_wconf 88' lang='lat'><em>439</em></span> 
     </span>
    </p>

    <p class='ocr_par' dir='ltr' id='par_1_9' title="bbox 339 2158 1490 2202">
     <span class='ocr_line' id='line_1_20' title="bbox 339 2158 1490 2202; baseline -0.002 0"><span class='ocrx_word' id='word_1_121' title='bbox 339 2159 435 2202; x_wconf 78' lang='lat' dir='ltr'><em>Ath</em></span> <span class='ocrx_word' id='word_1_122' title='bbox 467 2180 522 2194; x_wconf 89' lang='lat'>=</span> <span class='ocrx_word' id='word_1_123' title='bbox 548 2158 729 2202; x_wconf 69' lang='lat' dir='ltr'>Athous</span> <span class='ocrx_word' id='word_1_124' title='bbox 763 2159 942 2201; x_wconf 79' lang='lat' dir='ltr'>Laui-ae</span> <span class='ocrx_word' id='word_1_125' title='bbox 975 2158 1017 2201; x_wconf 91' lang='lat' dir='ltr'><em>S.</em></span> <span class='ocrx_word' id='word_1_126' title='bbox 1051 2158 1302 2201; x_wconf 66' lang='lat' dir='ltr'>Athanasii</span> <span class='ocrx_word' id='word_1_127' title='bbox 1335 2160 1378 2201; x_wconf 72' lang='grc' dir='ltr'><em>Ω,</em></span> <span class='ocrx_word' id='word_1_128' title='bbox 1406 2162 1490 2201; x_wconf 86' lang='grc'><em>123</em></span> 
     </span>
    </p>

    <p class='ocr_par' dir='ltr' id='par_1_10' title="bbox 342 2217 1318 2271">
     <span class='ocr_line' id='line_1_21' title="bbox 342 2217 1318 2271; baseline -0.001 -10"><span class='ocrx_word' id='word_1_129' title='bbox 342 2218 430 2261; x_wconf 86' lang='grc' dir='ltr'><em>Μα</em></span> <span class='ocrx_word' id='word_1_130' title='bbox 468 2239 522 2253; x_wconf 88' lang='lat'>=</span> <span class='ocrx_word' id='word_1_131' title='bbox 550 2217 839 2261; x_wconf 72' lang='lat' dir='ltr'>Matritensis</span> <span class='ocrx_word' id='word_1_132' title='bbox 871 2222 1002 2271; x_wconf 81' lang='lat'>4679,</span> <span class='ocrx_word' id='word_1_133' title='bbox 1037 2217 1148 2261; x_wconf 87' lang='lat' dir='ltr'>olim</span> <span class='ocrx_word' id='word_1_134' title='bbox 1179 2217 1318 2260; x_wconf 82' lang='lat' dir='ltr'>N-49</span> 
     </span>
    </p>

    <p class='ocr_par' dir='ltr' id='par_1_11' title="bbox 340 2275 1713 2452">
     <span class='ocr_line' id='line_1_22' title="bbox 343 2275 1648 2333; baseline -0.002 -13"><span class='ocrx_word' id='word_1_135' title='bbox 343 2277 395 2320; x_wconf 76' lang='lat' dir='ltr'><em>Ol</em></span> <span class='ocrx_word' id='word_1_136' title='bbox 467 2299 519 2312; x_wconf 89' lang='lat'><em>==</em></span> <span class='ocrx_word' id='word_1_137' title='bbox 547 2276 860 2320; x_wconf 79' lang='lat' dir='ltr'>Berolinensis</span> <span class='ocrx_word' id='word_1_138' title='bbox 894 2293 962 2333; x_wconf 87' lang='lat' dir='ltr'><em>gr.</em></span> <span class='ocrx_word' id='word_1_139' title='bbox 990 2281 1088 2330; x_wconf 80' lang='grc'>195,</span> <span class='ocrx_word' id='word_1_140' title='bbox 1123 2276 1236 2320; x_wconf 89' lang='lat' dir='ltr'>olim</span> <span class='ocrx_word' id='word_1_141' title='bbox 1262 2275 1648 2320; x_wconf 74' lang='lat' dir='ltr'>claromontanus</span> 
     </span>
     <span class='ocr_line' id='line_1_23' title="bbox 340 2335 1713 2390; baseline -0.001 -11"><span class='ocrx_word' id='word_1_142' title='bbox 340 2337 385 2379; x_wconf 92' lang='lat' dir='ltr'><em>B</em></span> <span class='ocrx_word' id='word_1_143' title='bbox 467 2358 522 2372; x_wconf 90' lang='lat'><strong><em>=</em></strong></span> <span class='ocrx_word' id='word_1_144' title='bbox 549 2335 827 2380; x_wconf 84' lang='lat' dir='ltr'>Barberinus</span> <span class='ocrx_word' id='word_1_145' title='bbox 851 2336 893 2380; x_wconf 90' lang='lat' dir='ltr'>H</span> <span class='ocrx_word' id='word_1_146' title='bbox 916 2343 988 2390; x_wconf 88' lang='lat'><em>41,</em></span> <span class='ocrx_word' id='word_1_147' title='bbox 1020 2350 1143 2379; x_wconf 87' lang='lat' dir='ltr'>nunc</span> <span class='ocrx_word' id='word_1_148' title='bbox 1175 2335 1432 2379; x_wconf 74' lang='lat' dir='ltr'>Vaticanus</span> <span class='ocrx_word' id='word_1_149' title='bbox 1464 2335 1600 2379; x_wconf 87' lang='lat' dir='ltr'>Barb.</span> <span class='ocrx_word' id='word_1_150' title='bbox 1628 2340 1713 2378; x_wconf 83' lang='lat'><em>220</em></span> 
     </span>
     <span class='ocr_line' id='line_1_24' title="bbox 351 2394 985 2452; baseline 0.002 -14"><span class='ocrx_word' id='word_1_151' title='bbox 351 2395 419 2438; x_wconf 84' lang='lat' dir='ltr'><em>Va</em></span> <span class='ocrx_word' id='word_1_152' title='bbox 468 2417 521 2430; x_wconf 61' lang='grc' dir='ltr'><em>ε</em></span> <span class='ocrx_word' id='word_1_153' title='bbox 548 2394 804 2438; x_wconf 72' lang='lat' dir='ltr'>Vaticanus</span> <span class='ocrx_word' id='word_1_154' title='bbox 837 2410 903 2452; x_wconf 82' lang='lat' dir='ltr'><em>gr.</em></span> <span class='ocrx_word' id='word_1_155' title='bbox 931 2400 985 2440; x_wconf 83' lang='lat'><em>82</em></span> 
     </span>
    </p>
   </div>
   <div class='ocr_carea' id='block_1_6' title="bbox 342 2498 906 2554">
    <p class='ocr_par' dir='ltr' id='par_1_12' title="bbox 342 2498 906 2554">
     <span class='ocr_line' id='line_1_25' title="bbox 342 2498 906 2554; baseline 0.002 -13"><span class='ocrx_word' id='word_1_156' title='bbox 342 2502 366 2541; x_wconf 89' lang='lat'>5</span> <span class='ocrx_word' id='word_1_157' title='bbox 401 2498 458 2541; x_wconf 88' lang='lat' dir='ltr'><em>cf.</em></span> <span class='ocrx_word' id='word_1_158' title='bbox 493 2499 553 2541; x_wconf 84' lang='lat' dir='ltr'><em>ad</em></span> <span class='ocrx_word' id='word_1_159' title='bbox 584 2499 617 2541; x_wconf 69' lang='lat'><em>¹⁶.</em></span> <span class='ocrx_word' id='word_1_160' title='bbox 643 2498 707 2541; x_wconf 90' lang='lat' dir='ltr'><em>VI</em></span> <span class='ocrx_word' id='word_1_161' title='bbox 731 2503 906 2554; x_wconf 82' lang='lat'>402,10</span> 
     </span>
    </p>
   </div>
   <div class='ocr_carea' id='block_1_7' title="bbox 394 2473 580 2476">
    <p class='ocr_par' dir='ltr' id='par_1_13' title="bbox 394 2473 580 2476">
     <span class='ocr_line' id='line_1_26' title="bbox 394 2473 580 2476; baseline 0 0"><span class='ocrx_word' id='word_1_162' title='bbox 394 2473 580 2476; x_wconf 95' lang='lat' dir='ltr'><em> </em></span> 
     </span>
    </p>
   </div>
   <div class='ocr_carea' id='block_1_8' title="bbox 222 2578 1910 2776">
    <p class='ocr_par' dir='ltr' id='par_1_14' title="bbox 222 2578 1910 2776">
     <span class='ocr_line' id='line_1_27' title="bbox 344 2578 1910 2659; baseline -0.001 -16"><span class='ocrx_word' id='word_1_163' title='bbox 344 2608 364 2643; x_wconf 90' lang='lat'>1</span> <span class='ocrx_word' id='word_1_164' title='bbox 387 2578 592 2658; x_wconf 82' lang='grc' dir='ltr'><em>Σκέμμα</em></span> <span class='ocrx_word' id='word_1_165' title='bbox 626 2599 649 2646; x_wconf 86' lang='grc' dir='ltr'><strong><em>ὃ</em></strong></span> <span class='ocrx_word' id='word_1_166' title='bbox 675 2600 717 2657; x_wconf 87' lang='grc' dir='ltr'><em>(ὁ</em></span> <span class='ocrx_word' id='word_1_167' title='bbox 745 2603 850 2656; x_wconf 86' lang='grc' dir='ltr'><em>Μα)</em></span> <span class='ocrx_word' id='word_1_168' title='bbox 875 2601 1185 2658; x_wconf 83' lang='grc' dir='ltr'><em>Πομπηιανὸς</em></span> <span class='ocrx_word' id='word_1_169' title='bbox 1216 2600 1479 2659; x_wconf 69' lang='grc' dir='ltr'><em>προῦβαλεν</em></span> <span class='ocrx_word' id='word_1_170' title='bbox 1512 2601 1620 2643; x_wconf 73' lang='lat' dir='ltr'>ante</span> <span class='ocrx_word' id='word_1_171' title='bbox 1643 2597 1795 2656; x_wconf 81' lang='grc' dir='ltr'><em>’Έχων</em></span> <span class='ocrx_word' id='word_1_172' title='bbox 1820 2601 1910 2643; x_wconf 83' lang='grc' dir='ltr'><em>κτλ.</em></span> 
     </span>
     <span class='ocr_line' id='line_1_28' title="bbox 222 2657 1910 2717; baseline -0.001 -15"><span class='ocrx_word' id='word_1_173' title='bbox 222 2660 447 2705; x_wconf 80' lang='lat' dir='ltr'>LaMaOz</span> <span class='ocrx_word' id='word_1_174' title='bbox 477 2661 619 2704; x_wconf 79' lang='lat' dir='ltr'>Marc.</span> <span class='ocrx_word' id='word_1_175' title='bbox 646 2664 730 2703; x_wconf 86' lang='lat'><em>445</em></span> <span class='ocrx_word' id='word_1_176' title='bbox 863 2666 913 2704; x_wconf 89' lang='lat'><em>11</em></span> <span class='ocrx_word' id='word_1_177' title='bbox 948 2660 1169 2716; x_wconf 83' lang='grc' dir='ltr'><em>πρότασις</em></span> <span class='ocrx_word' id='word_1_178' title='bbox 1200 2661 1249 2702; x_wconf 87' lang='lat' dir='ltr'><em>in</em></span> <span class='ocrx_word' id='word_1_179' title='bbox 1280 2674 1414 2717; x_wconf 83' lang='lat' dir='ltr'>marg</span> <span class='ocrx_word' id='word_1_180' title='bbox 1438 2660 1531 2703; x_wconf 80' lang='lat' dir='ltr'><em>Ath</em></span> <span class='ocrx_word' id='word_1_181' title='bbox 1606 2658 1852 2715; x_wconf 82' lang='grc' dir='ltr'><em>αντίληψις</em></span> <span class='ocrx_word' id='word_1_182' title='bbox 1883 2657 1910 2714; x_wconf 85' lang='grc' dir='ltr'>ἡ</span> 
     </span>
     <span class='ocr_line' id='line_1_29' title="bbox 223 2717 998 2776; baseline 0.003 -15"><span class='ocrx_word' id='word_1_183' title='bbox 223 2717 379 2769; x_wconf 84' lang='grc' dir='ltr'><em>στασις</em></span> <span class='ocrx_word' id='word_1_184' title='bbox 405 2719 576 2764; x_wconf 81' lang='lat' dir='ltr'>MMa²</span> <span class='ocrx_word' id='word_1_185' title='bbox 636 2717 882 2776; x_wconf 80' lang='grc' dir='ltr'><em>ἀντίληψις</em></span> <span class='ocrx_word' id='word_1_186' title='bbox 905 2721 998 2764; x_wconf 79' lang='lat' dir='ltr'><em>Ath</em></span> 
     </span>
    </p>
   </div>
   <div class='ocr_carea' id='block_1_9' title="bbox 222 2799 1913 2996">
    <p class='ocr_par' dir='ltr' id='par_1_15' title="bbox 222 2799 1913 2996">
     <span class='ocr_line' id='line_1_30' title="bbox 333 2799 1913 2896; baseline -0.001 -32.994"><span class='ocrx_word' id='word_1_187' title='bbox 333 2799 364 2863; x_wconf 85' lang='grc'><em>1</em></span> <span class='ocrx_word' id='word_1_188' title='bbox 383 2799 514 2896; x_wconf 81' lang='grc' dir='ltr'><em>Αλλη</em></span> <span class='ocrx_word' id='word_1_189' title='bbox 538 2821 710 2878; x_wconf 84' lang='grc' dir='ltr'><em>μελέτη.</em></span> <span class='ocrx_word' id='word_1_190' title='bbox 741 2821 922 2877; x_wconf 80' lang='grc' dir='ltr'><em>Θεωρία</em></span> <span class='ocrx_word' id='word_1_191' title='bbox 948 2820 1083 2865; x_wconf 65' lang='lat' dir='ltr'>anhe’</span> <span class='ocrx_word' id='word_1_192' title='bbox 1082 2820 1224 2879; x_wconf 88' lang='grc' dir='ltr'><em>Έχων</em></span> <span class='ocrx_word' id='word_1_193' title='bbox 1250 2822 1352 2865; x_wconf 88' lang='lat' dir='ltr'><em>Mor</em></span> <span class='ocrx_word' id='word_1_194' title='bbox 1367 2822 1435 2865; x_wconf 86' lang='lat' dir='ltr'><em>Re</em></span> <span class='ocrx_word' id='word_1_195' title='bbox 1497 2820 1649 2864; x_wconf 81' lang='lat' dir='ltr'>delevi</span> <span class='ocrx_word' id='word_1_196' title='bbox 1678 2823 1683 2876; x_wconf 84' lang='grc' dir='ltr'>Ι</span> <span class='ocrx_word' id='word_1_197' title='bbox 1710 2818 1780 2870; x_wconf 85' lang='grc' dir='ltr'><em>τίς</em></span> <span class='ocrx_word' id='word_1_198' title='bbox 1803 2819 1913 2862; x_wconf 83' lang='lat' dir='ltr'>libri</span> 
     </span>
     <span class='ocr_line' id='line_1_31' title="bbox 223 2879 1913 2937; baseline 0.001 -16"><span class='ocrx_word' id='word_1_199' title='bbox 223 2879 314 2921; x_wconf 80' lang='lat' dir='ltr'><em>edd</em></span> <span class='ocrx_word' id='word_1_200' title='bbox 341 2885 348 2935; x_wconf 87' lang='grc' dir='ltr'>Ι</span> <span class='ocrx_word' id='word_1_201' title='bbox 375 2881 549 2933; x_wconf 86' lang='grc' dir='ltr'><em>πατρὸς</em></span> <span class='ocrx_word' id='word_1_202' title='bbox 565 2882 693 2925; x_wconf 87' lang='lat' dir='ltr'><em>HLa</em></span> <span class='ocrx_word' id='word_1_203' title='bbox 815 2887 838 2923; x_wconf 85' lang='lat'>2</span> <span class='ocrx_word' id='word_1_204' title='bbox 857 2885 1041 2937; x_wconf 83' lang='grc' dir='ltr'><em>λησταῖς</em></span> <span class='ocrx_word' id='word_1_205' title='bbox 1058 2880 1269 2926; x_wconf 76' lang='lat' dir='ltr'><em>LiAthCl</em></span> <span class='ocrx_word' id='word_1_206' title='bbox 1286 2881 1394 2923; x_wconf 79' lang='lat' dir='ltr'>Feri·</span> <span class='ocrx_word' id='word_1_207' title='bbox 1421 2882 1426 2936; x_wconf 83' lang='grc' dir='ltr'>Ι</span> <span class='ocrx_word' id='word_1_208' title='bbox 1455 2879 1630 2936; x_wconf 78' lang='grc' dir='ltr'><em>ἔγραψε</em></span> <span class='ocrx_word' id='word_1_209' title='bbox 1649 2906 1703 2911; x_wconf 85' lang='grc'><strong>-</strong></span> <span class='ocrx_word' id='word_1_210' title='bbox 1725 2884 1778 2922; x_wconf 90' lang='grc'><em>10</em></span> <span class='ocrx_word' id='word_1_211' title='bbox 1796 2880 1913 2922; x_wconf 81' lang='grc' dir='ltr'><em>ἀπο-</em></span> 
     </span>
     <span class='ocr_line' id='line_1_32' title="bbox 222 2938 1912 2996; baseline 0.001 -16"><span class='ocrx_word' id='word_1_212' title='bbox 222 2938 496 2994; x_wconf 80' lang='grc' dir='ltr'><em>κηρύσσεται</em></span> <span class='ocrx_word' id='word_1_213' title='bbox 523 2940 615 2983; x_wconf 86' lang='lat' dir='ltr'><em>add</em></span> <span class='ocrx_word' id='word_1_214' title='bbox 635 2942 795 2984; x_wconf 73' lang='lat' dir='ltr'><em>Varubr</em></span> <span class='ocrx_word' id='word_1_215' title='bbox 902 2946 926 2983; x_wconf 86' lang='lat'><strong>3</strong></span> <span class='ocrx_word' id='word_1_216' title='bbox 953 2939 1006 2984; x_wconf 84' lang='grc' dir='ltr'><em>ὃν</em></span> <span class='ocrx_word' id='word_1_217' title='bbox 1021 2942 1127 2984; x_wconf 91' lang='lat' dir='ltr'><em>HV</em></span> <span class='ocrx_word' id='word_1_218' title='bbox 1225 2946 1251 2982; x_wconf 90' lang='lat'>4</span> <span class='ocrx_word' id='word_1_219' title='bbox 1277 2940 1393 2996; x_wconf 79' lang='grc' dir='ltr'><em>αὑτῇ</em></span> <span class='ocrx_word' id='word_1_220' title='bbox 1413 2939 1575 2994; x_wconf 83' lang='lat' dir='ltr'>scripsi</span> <span class='ocrx_word' id='word_1_221' title='bbox 1637 2939 1752 2993; x_wconf 80' lang='grc' dir='ltr'><em>αὐτῆ</em></span> <span class='ocrx_word' id='word_1_222' title='bbox 1772 2939 1912 2982; x_wconf 71' lang='lat' dir='ltr'><em>LiLa</em></span> 
     </span>
    </p>
   </div>
  </div>
 </body>
</html>
