2044 3168
239 109 348 162 200
669 108 895 153 LIBANII
926 108 1315 154 DECLAMATIO
1347 110 1516 156 XXXV

238 245 384 316 παρὰ
422 255 556 298 πᾶσι
597 255 770 312 σῖτος,
810 243 1035 298 ἐλείπετ’
1083 244 1153 299 ἂν
1191 254 1303 299 τῶν
1348 247 1630 300 τοσούτων
1678 245 1932 314 ἀγαθῶν;

240 334 287 387 εἰ
325 333 431 403 γάρ
471 353 552 397 τις
591 333 908 403 ὑπισχνεῖτό
949 335 1279 399 σοι’δείξειν
1319 331 1410 404 ἐμὲ
1449 343 1676 389 τοιαῦτα
1714 336 1932 388 αἰτοῦν-

238 443 304 475 τα
343 421 404 476 ἐν
444 431 518 494 τῷ
561 425 954 496 βουλευτηρίῳ,
995 423 1098 476 οὐκ
1138 423 1206 476 ἂν
1245 423 1418 492 ἡδέως
1458 423 1546 477 ἐπὶ
1586 425 1803 486 τούτοις
1841 422 1932 477 καὶ

150 516 271 561 RIV
289 521 373 560 239
421 512 598 581 πάσης
652 511 886 581 ἀπέστης
939 509 1048 585 τῷΙ
1085 513 1237 585 δήμῳ
1287 520 1383 581 τῆς
1437 513 1650 578 οὐσίας;
1719 513 1805 566 34.
1860 514 1932 582 μὴ

195 622 214 655 ⁶
239 603 433 655 τοίνυν
473 603 701 673 ζητήσῃς
739 601 886 664 ὅπως
924 603 1157 664 τούτους
1204 601 1593 672 ἀποστερήσεις
1638 610 1733 671 τῆς
1780 600 1934 669 ἀμοι-

239 694 340 759 βῆς
377 689 498 759 μηδ’
541 686 612 743 αὗ
654 691 755 743 δύο
796 691 828 760 ἢ
868 699 1013 759 τρεῖς
1053 689 1254 759 ἡμέρας
1295 692 1564 760 μεταδοὺς
1603 701 1715 744 τῶν
1755 688 1935 745 ὄντων

240 775 332 832 εἶτ’
373 775 541 842 αὖθις
579 781 656 842 εἰς
695 780 761 832 τὰ
794 780 931 832 αὐτὰ
963 779 1151 848 φέρων
1184 778 1420 851 ἐμβάλῃς
1450 782 1551 850 τὴν
1582 783 1764 848 πόλιν,
1805 778 1935 833 ἀλλ’

239 868 339 932 ἕως
374 867 444 921 ἂν
475 867 686 938 ὑπάρξῃ
718 870 977 938 θερίζειν,
1016 868 1184 938 τρέφε
1217 871 1562 937 λογιζόμενος
1593 871 1730 938 πρὸς
1763 869 1934 923 αὑτὸν

241 958 342 1026 ὅτι,
382 959 428 1011 εἰ
468 957 558 1010 καὶ
599 966 796 1025 στῖφος
834 955 950 1010 ἔστι
999 970 1087 1011 σοι
1133 956 1271 1027 μέγα
1310 958 1371 1011 τὸ
1418 958 1519 1025 μὲν
1558 959 1833 1025 κολάκων,
1873 959 1933 1012 τὸ

172 1070 215 1101 10
241 1045 289 1100 δ’
336 1048 580 1115 οἰκετῶν,
621 1047 773 1099 οὔπω
814 1054 985 1099 ταῦτα
1017 1048 1368 1116 δυνατώτερα
1406 1049 1585 1116 δήμου
1616 1057 1935 1117 πεινῶντος,

240 1130 282 1210 ᾧ
318 1137 540 1198 δικαίως
580 1135 649 1189 ἀν
689 1136 889 1204 εἰδείης
934 1136 1097 1206 χάριν
1144 1136 1228 1189 ὅτι
1279 1135 1371 1189 καὶ
1410 1138 1582 1200 πόδας
1620 1137 1712 1190 καὶ
1751 1145 1936 1206 χεῖρας

238 1223 456 1294 ἔχοντες
495 1225 770 1294 κάθηνται
809 1224 1151 1295 ἀκροώμενοι
1187 1227 1382 1293 λόγων.
1423 1224 1509 1279 35.
1542 1223 1714 1294 ταῦτ’,
1757 1227 1805 1279 εἰ
1843 1225 1935 1279 καὶ

241 1315 514 1384 δυσμενὴς
565 1315 888 1383 ἄνθρωπος,
944 1314 1083 1367 ἀλλὰ
1135 1317 1322 1387 πολλῷ
1378 1329 1466 1368 σοι
1521 1314 1937 1384 λυσιτελέστερα

240 1412 498 1475 παραινεῖ
535 1413 647 1457 τῶν
685 1404 831 1471 παρὰ
870 1413 982 1456 τῶν
1014 1413 1311 1472 συμποτῶν
1342 1405 1626 1457 εἰωθότων
1658 1403 1935 1473 λέγεσθαι.

174 1515 216 1549 15
243 1491 406 1562 δέχου
447 1490 507 1546 δὲ
546 1492 636 1546 καὶ
685 1493 1006 1561 συμβουλὴν
1055 1491 1245 1562 ἑτέραν
1291 1491 1458 1546 οὐδὲν
1504 1494 1704 1563 ταύτης
1752 1493 1937 1561 ἀτιμο-

239 1581 417 1651 τέραν.
480 1583 513 1651 ἡ
568 1583 857 1653 τυραννίς,
913 1578 954 1635 ὦ
1010 1582 1266 1650 πλούσιε,
1320 1582 1453 1651 πρὶν
1507 1583 1608 1649 μὲν
1662 1588 1936 1652 κτηθῆναι

240 1670 500 1739 μέγιστον
533 1666 674 1725 εἶναι
708 1673 860 1725 δοκεῖ
890 1680 1005 1734 τοῖς
1037 1669 1415 1740 ἐπιθυμοῦσιν
1447 1670 1683 1740 ἀγαθόν,
1722 1677 1938 1741 κτηθεῖ-

243 1774 311 1813 σα
351 1757 411 1814 δὲ
449 1761 651 1830 πικρὸν
691 1760 866 1823 εὐθὺς
904 1767 979 1833 τῷ
1020 1759 1460 1832 κατειργασμένῳ
1507 1761 1799 1814 δείκνυται.
1855 1756 1938 1814 ὧν

241 1850 345 1918 γὰρ
387 1848 456 1902 ἂν
495 1850 659 1912 αὐτὸς
699 1848 918 1920 ἑτέρους
958 1849 1133 1920 δράσῃ
1174 1859 1350 1912 κακῶς
1384 1852 1635 1919 φοβεῖται
1676 1853 1747 1917 μὴ
1781 1849 1937 1919 πάθῃ

175 1960 218 1993 20
241 1941 429 2010 πολλῷ
469 1939 829 2009 χαλεπώτερα.
884 1940 982 1992 τὸν
1030 1940 1213 2008 φόβον
1260 1935 1320 1992 δὲ
1369 1938 1534 2001 αὐτὸς
1577 1937 1832 2007 ὁμολογεῖ
1869 1946 1936 2008 τῃ

240 2028 386 2097 παρὰ
425 2037 535 2080 τῶν
578 2028 1051 2097 δορυφορούντων
1098 2034 1334 2098 φρουρᾷ.
1402 2026 1487 2079 36.
1529 2028 1582 2079 οἱ
1623 2023 1684 2079 δὲ
1724 2026 1790 2079 οὐ
1837 2027 1938 2079 τὸν

240 2114 366 2186 παρ’
415 2098 620 2187 ἑτέρωθ
652 2117 895 2170 παύουσι
943 2120 1153 2185 μᾶλλον
1201 2117 1379 2186 φόβον
1417 2115 1450 2184 ἢ
1489 2113 1790 2185 παρέχουσι
1837 2115 1937 2168 τὸν

241 2202 367 2272 παρ’
423 2204 620 2257 αὑτῶν.
677 2203 705 2257 ὁ
761 2205 866 2274 γὰρ
922 2205 1015 2257 ἵνα
1068 2205 1142 2272 μή
1196 2224 1278 2266 τις
1332 2202 1585 2257 ἐπελθὼν
1639 2203 1935 2273 ἀποκτείνῃ

364 2341 385 2378 1
420 2336 524 2390 περὶ
559 2336 627 2379 Va
654 2337 660 2391 Ι
687 2341 779 2378 τῶν
804 2348 878 2378 om
895 2335 940 2378 B
968 2338 975 2390 Ι
1001 2334 1225 2379 τοιούτων
1254 2335 1375 2379 BVa
1496 2339 1522 2378 2
1554 2333 1641 2391 γὰρ
1667 2332 1935 2390 ὑπισχνεῐτό

243 2410 315 2440 σοι
337 2393 468 2445 τίςΒ
496 2397 502 2451 Ι
531 2394 750 2438 αἰτοῦντα
777 2408 851 2437 om
869 2395 993 2437 BVa
1113 2400 1141 2438 4
1170 2391 1374 2451 δημοσίω
1393 2395 1438 2438 Β
1560 2398 1585 2436 5
1619 2391 1937 2450 ἀποστερήσῃς

246 2455 404 2500 OrHB
417 2454 486 2498 Va
607 2458 632 2496 6
666 2452 726 2509 μὴ
758 2450 804 2496 δ’
834 2454 932 2497 ΗΒ
947 2454 1015 2498 Va
1137 2458 1160 2496 7
1197 2454 1245 2498 ἐσ
1271 2455 1314 2497 Β
1343 2456 1348 2507 Ι
1378 2451 1598 2510 ἐμβάλλῃς
1631 2453 1701 2496 Va
1731 2452 1798 2495 Re

244 2517 269 2557 8
303 2513 447 2557 αὐτὸν
475 2513 591 2558 GrH
620 2512 709 2556 edd
840 2516 864 2554 9
899 2519 1061 2568 στῖφος
1093 2512 1255 2569 scripsi
1287 2525 1312 2556 e
1340 2513 1459 2558 C'rH
1465 2513 1507 2557 V
1561 2509 1723 2567 στίφος
1747 2512 1858 2555 ΒΜ
1865 2511 1933 2554 Va

244 2572 335 2616 edd
458 2576 511 2615 12
543 2571 680 2628 λόγον
706 2572 763 2614 Η
879 2575 932 2614 13
968 2586 1039 2615 σοι
1072 2585 1146 2614 om
1174 2572 1292 2616 CrH
1299 2573 1340 2616 V
1394 2587 1472 2627 μοι
1495 2572 1540 2614 Β
1672 2575 1727 2613 14
1760 2584 1931 2627 συμπο-

242 2639 334 2676 τῶν
367 2646 440 2675 om
472 2631 573 2674 Mor
605 2630 685 2674 sed
717 2630 1013 2673 inserendum
1045 2630 1228 2674 monuit
1259 2630 1352 2673 Not
1383 2630 1406 2672 f
1431 2629 1517 2673 VIv
1654 2634 1707 2673 15
1741 2628 1798 2684 δὴ
1824 2630 1937 2673 ΒΜ

253 2693 321 2735 Va
349 2690 449 2734 Mor
475 2688 619 2747 Ι-οὐδὲ
644 2691 750 2734 HV
865 2693 919 2732 16
953 2689 979 2745 ἡ
1008 2687 1229 2745 τυραννίς
1256 2716 1308 2722 -
1335 2693 1473 2743 201,2
1507 2687 1725 2740 πολλάκις
1750 2687 1932 2731 omissis

243 2749 394 2794 verbis
434 2745 468 2792 ὦ
496 2748 691 2792 Υπλούσιε
731 2747 848 2792 citat
886 2748 1118 2792 Macarius
1157 2748 1359 2797 f0179=⁷‚
1474 2752 1527 2791 18
1571 2745 1714 2798 αὖθις
1745 2749 1790 2791 Β
1889 2778 1891 2780 -

247 2814 300 2852 19
335 2809 504 2860 αὐτοὺς
534 2807 691 2851 Macar
835 2812 887 2850 21
927 2813 1051 2863 φορᾶ
1085 2807 1244 2851 Macar
1292 2809 1299 2863 Ι
1347 2814 1439 2851 τῶν
1473 2808 1542 2851 Va
1683 2811 1739 2849 22
1781 2803 1930 2863 φόβον

244 2868 447 2912 παύουσι
478 2869 649 2924 μᾶλλον
674 2868 719 2910 Β
746 2868 752 2921 1
781 2864 932 2924 φόβον
963 2869 1134 2924 μᾶλλον
1162 2869 1222 2912 M
1229 2867 1298 2912 Va
1328 2866 1429 2910 Mor
1549 2869 1604 2908 23
1638 2867 1791 2909 αὐτῶν
1822 2864 1933 2908 libri

246 2927 336 2971 edd
365 2929 370 2984 Ι
399 2926 617 2971 ἀπελθὼν
645 2927 707 2970 M
714 2927 781 2969 Va
812 2925 913 2968 Mor
1800 2960 1803 2962 .
