2014 3158
294 129 431 174 FILII
462 128 825 173 INSIDIARUM
856 127 958 171 REI
990 126 1215 172 MORTIS
1248 127 1486 172 ΡΕΤΙΤΙΟ
1646 129 1753 182 725

59 265 192 336 ἐμοῦ
240 267 377 336 πρὸς
428 265 600 318 αὐτὸν
648 262 1056 333 φθεγξαμένοις
1102 265 1452 332 παραδοῦναί
1495 283 1561 333 με
1619 265 1756 333 πρὸς

58 357 293 423 σφαγήν.
362 359 495 407 οἴσω
558 352 848 415 κάκείνους
917 351 1281 423 ἐπιφέροντας
1345 354 1406 406 τὸ
1471 351 1643 423 ξίφος.
1706 354 1756 406 εἰ

57 441 118 497 δὲ
172 442 415 496 κάκεῖνοι
464 443 701 511 φύγοιεν
759 440 827 494 ἂν
880 442 979 494 τὸν
1034 443 1237 510 φόνον,
1285 441 1417 511 ὅπερ
1459 441 1565 511 ἐγὼ
1612 448 1757 495 θαυ-

55 531 278 602 μάσαιμ’
326 533 421 598 ἄν,
468 529 574 595 ἕξει
622 532 747 583 τινὰ
793 539 904 583 τῶν
951 532 1180 583 οἰκετῶν
1228 529 1356 584 ἀνθ’
1410 530 1598 585 αὑτοῦ.
1653 531 1756 584 οὐκ

57 621 322 692 ἀπορήσει
384 621 696 673 παντάπασι
764 618 1033 688 σφαγέως.
1103 618 1328 672 ἐπειδὰν
1393 615 1498 673 οὖν
1552 615 1659 673 ὧδε
1721 614 1756 690 ᾖ

55 717 131 781 τῷ
180 715 344 781 θυμῷ
391 708 804 778 κεχαρισμένος,
860 708 1178 761 σπεισάσθω
1226 709 1362 777 πρὸς
1409 710 1508 762 τὸν
1555 710 1755 778 νεκρὸν

55 797 145 852 καὶ
185 799 537 852 καταλυσάτω
579 798 679 866 τὴν
723 797 897 867 ὀργὴν
943 795 1029 849 καὶ
1082 798 1226 850 δότω
1274 798 1398 851 τινὰ
1446 803 1523 870 τῷ
1563 803 1754 851 τεθνε-

56 897 152 941 ῶτι
206 889 380 957 χάριν.
427 885 624 941 πολλοὶ
679 884 740 939 δὲ
788 878 871 949 οἷς
923 889 1087 950 ζῶσιν
1139 879 1469 955 ἐπολε’μουν,’
1523 887 1756 950 τούτους

56 976 367 1046 ἐδάκρυσαν
413 975 713 1045 κειμένους.
777 974 863 1027 52.
905 974 1098 1028 οἴεσθέ
1140 994 1205 1044 με
1252 983 1437 1044 μνῆμα
1478 974 1626 1045 ἐρεῖν
1663 974 1754 1029 καὶ

55 1067 305 1119 κολωνὸν
358 1066 392 1133 ἤ
447 1085 500 1117 τι
561 1074 673 1118 τῶν
734 1064 1005 1117 τοιούτων
1061 1063 1094 1117 ἃ
1139 1068 1599 1134 παραμυθεῖσθαι
1660 1066 1755 1118 δύ-

55 1152 197 1207 ναιτ’
234 1153 302 1207 ἂν
340 1155 441 1222 τὴν
481 1153 655 1216 οὕτως
695 1152 1055 1206 ἀπελθοῦσαν
1088 1155 1295 1222 ψυχήν;
1336 1153 1606 1222 οὐδαμῶς.
1643 1174 1757 1208 τοι-

56 1244 249 1313 γάρτοι
288 1243 620 1296 τούναντίον
659 1244 806 1295 αἰτῶ.
855 1241 1047 1310 μηδεὶς
1085 1241 1211 1309 ἐμὸς
1251 1241 1541 1310 φαινέσθω
1581 1243 1758 1313 τάφος

56 1329 191 1401 μηδὲ
233 1331 394 1401 ἐχέτω
434 1351 516 1394 τις
556 1330 779 1394 ἐπιστὰς
820 1329 1022 1399 λέγειν·
1070 1330 1099 1384 ὁ
1141 1332 1327 1383 δεῖνα
1372 1338 1487 1384 τοῦ
1538 1332 1758 1394 δεῖνος

55 1421 296 1474 ἐνθάδε
342 1430 578 1489 κεῖται,
633 1417 751 1474 ἀλλ’
802 1420 1118 1490 ἀγνοείσθω
1166 1416 1268 1486 μὲν
1315 1415 1382 1473 οὗ
1433 1419 1757 1490 κέκρυμμαι,

55 1511 297 1579 γεωργὸς
337 1510 398 1563 δὲ
437 1511 662 1563 ἄνωθεν
709 1509 926 1579 ἀρούτω
975 1509 1066 1562 καὶ
1117 1507 1396 1578 σπειρέτω.
1443 1513 1656 1576 μᾶλλον
1695 1509 1756 1563 δὲ

55 1600 271 1669 ἄταφόν
323 1618 389 1668 με
445 1599 473 1652 ὁ
528 1600 705 1668 πατὴρ
764 1597 1052 1667 ἐκριψάτω.
1108 1597 1329 1666 βέλτιον
1384 1595 1444 1650 δὲ
1499 1603 1654 1666 ἴσως,
1710 1600 1756 1651 εἰ

54 1689 483 1740 καταποντίσειε.

167 1776 252 1830 53.
294 1777 448 1846 Πρὸς
488 1773 549 1829 δὲ
587 1779 716 1840 τοὺς
755 1778 1047 1846 ἡλικιώτας
1093 1779 1225 1839 τοὺς
1276 1775 1515 1846 ἐμαυτοῦ
1563 1784 1756 1829 τοσοῦ-

55 1886 153 1918 τον
186 1866 356 1918 εἰπὼν
386 1866 687 1935 παύσομαι·
730 1863 771 1919 ὦ
804 1866 1118 1919 κοινωνοὶ
1150 1867 1454 1928 παιδείας
1492 1866 1598 1918 καὶ
1629 1874 1756 1919 τῶν

58 1941 423 2007 καλλίστων
462 1955 850 2024 διατριβῶν,
892 1955 991 2008 ὅτι
1022 1951 1140 2024 μὲν
1174 1951 1316 2007 ἐστὲ
1347 1953 1452 2007 καὶ
1486 1952 1755 2023 χρηστοὶ

56 2043 160 2094 καὶ
202 2043 451 2096 δίκαιοι
492 2042 597 2096 καὶ
638 2045 1082 2112 φιλοπάτορες
1130 2038 1198 2095 εὖ
1250 2037 1423 2111 οἶδα,
1471 2044 1570 2096 δεῖ
1608 2041 1756 2111 μέν·

63 2126 108 2131 *
177 2148 201 2187 6
236 2128 518 2188 Xen.anab.
546 2144 784 2199 V111‚25.
817 2146 925 2189 Ant
959 2144 1264 2199 tetr.1113‚2
1299 2160 1344 2201 p.
1374 2148 1546 2198 127‚22

179 2236 203 2275 3
238 2230 298 2276 ἂν
320 2217 445 2276 inser
468 2234 560 2277 Ma
586 2236 592 2289 Ι
621 2233 918 2290 θαυμάσαιμι
948 2233 1091 2278 MaCz
1212 2239 1238 2276 4
1271 2230 1390 2278 ἀνθ’
1421 2233 1565 2276 αὑτοῦ
1591 2231 1756 2288 scripsi

130 2288 550 2308 ''''''

117 2308 202 2335 αντ
259 2307 404 2336 αυτου
443 2292 554 2335 hbn
584 2292 653 2367 Rp
707 2295 712 2348 Ι
763 2294 844 2336 καὶ
892 2294 1002 2336 ante
1035 2293 1119 2336 οὐκ
1145 2294 1189 2337 A
1334 2297 1359 2334 5
1394 2288 1543 2335 ἐπειδ’
1580 2289 1640 2335 ἂν
1666 2293 1710 2336 A
1746 2292 1752 2349 Ι

58 2346 146 2394 ὧδε
180 2345 207 2408 ᾖ
242 2351 407 2423 scripsi
479 2348 550 2395 ὅδ’
589 2351 659 2407 εἴη
686 2352 988 2397 MonVaozB
1021 2351 1088 2395 Re
1151 2349 1294 2407 εἰδείη
1323 2353 1411 2395 Μα
1443 2351 1524 2395 sed
1557 2363 1581 2393 e
1603 2347 1755 2406 ὃείη

58 2422 158 2453 corr
182 2409 251 2452 111²
311 2407 390 2465 ἧδ’
420 2408 521 2466 εἴην
545 2412 589 2454 Α
631 2369 784 2455 ηὸδε
755 2428 784 2469 ῃ
809 2410 971 2454 Iacobs
996 2411 1109 2455 Lech
1134 2369 1294 2454 Schul⁷²
1337 2407 1420 2453 ὧδ’
1451 2409 1522 2466 εἴη
1548 2409 1753 2453 Sintenis

177 2474 202 2511 6
236 2469 505 2513 σπεισάσθω
533 2471 621 2514 Μα
661 2469 742 2512 sed
776 2484 833 2513 σα
865 2470 914 2512 in
946 2483 1020 2513 ras
1052 2469 1122 2512 m²
1268 2474 1291 2512 7
1326 2468 1468 2525 ὀργὴν
1501 2468 1668 2525 scripsi
1700 2481 1756 2512 ex

58 2528 207 2572 ACZB
240 2541 345 2571 cum
375 2527 585 2572 Iacobsio
620 2528 732 2573 Lect
764 2528 906 2572 Schul
969 2527 1115 2585 ὁρμὴν
1142 2528 1432 2573 MonVaMa
1463 2527 1531 2572 Re
1578 2529 1584 2583 Ι
1634 2524 1754 2571 δότω

59 2586 224 2642 scripsi
256 2599 280 2630 e
315 2586 626 2654 VaAMaClB
659 2601 763 2631 cum
797 2588 976 2632 Sinteni
1038 2586 1171 2631 δείτω
1199 2588 1318 2632 Mon
1349 2586 1415 2630 Re
1452 2589 1458 2642 Ι
1499 2590 1561 2644 τῷ
1592 2589 1754 2630 τεθνε-

0 2672 2 2677 »
59 2652 139 2689 ῶτι
171 2645 337 2701 scripsi
370 2659 393 2689 e
419 2646 464 2689 B
525 2649 748 2691 τεθνεῶτι
775 2648 828 2692 CZ
887 2650 1110 2691 τεθνεῶτι
1141 2653 1231 2690 τῶν
1259 2648 1348 2690 Μα
1408 2648 1522 2689 τεθι
1527 2653 1631 2689 εῶτι
1661 2653 1755 2689 τῶν

57 2706 185 2748 θεῶν
211 2705 329 2748 Mon
359 2704 427 2748 Re
486 2721 535 2749 τε
566 2713 658 2750 τῶν
688 2708 818 2750 θεῶν
854 2706 923 2750 Va
994 2709 1123 2750 θεῶν
1148 2708 1191 2750 Α
1328 2709 1354 2748 8
1385 2702 1476 2777 οἷς]
1510 2705 1565 2748 οὐ
1590 2706 1635 2749 A

0 2772 1 2776 ’
59 2766 85 2805 9
117 2763 203 2838 μὴ,
211 2762 369 2807 οἴεσθε
401 2763 562 2808 Iacobs
594 2765 705 2808 Lect
754 2767 760 2820 Ι
814 2763 1001 2809 οἴεσθαί
1026 2766 1070 2808 Α
1206 2768 1259 2806 10
1291 2761 1319 2818 ἢ
1351 2761 1395 2806 τί
1426 2763 1536 2806 libri
1568 2763 1635 2806 Re

0 2830 4 2835 ’
62 2825 114 2864 12
148 2822 272 2865 αὐτῶ
298 2824 337 2865 A
369 2823 375 2875 Ι
404 2820 448 2866 δ’
481 2824 589 2866 ante
615 2821 722 2879 ἐμὸς
747 2824 836 2868 Μα
864 2826 870 2879 Ι
899 2824 1000 2880 ἐμοὶ
1025 2825 1070 2867 Β
1098 2825 1103 2878 Ι
1133 2823 1336 2878 φαινέτω
1363 2823 1407 2865 A
1531 2826 1583 2865 13
1617 2821 1676 2879 μὴ
1703 2821 1754 2865 δὲ

1 2882 4 2887 ’
59 2881 153 2924 AB
181 2883 186 2932 Ι
214 2878 284 2932 τίς
310 2881 445 2925 ΜαΒ
489 2884 495 2938 Ι
535 2880 687 2955 λέγειν
716 2896 791 2926 om
824 2884 891 2927 Va
1015 2887 1068 2925 14
1101 2882 1379 2939 ἀγνοεῖσθαι
1404 2882 1448 2926 A
1476 2883 1482 2935 Ι
1510 2881 1566 2924 οὐ
1590 2883 1634 2925 A
1723 2916 1726 2918 -

63 2942 116 2982 15
148 2939 304 2994 ἀράτω
332 2941 450 2985 Mon
574 2945 627 2984 16
662 2939 692 2984 ἃ
725 2939 878 2997 τάφόν
905 2941 1023 2984 Mon
1051 2941 1057 2998 Ι
1085 2956 1137 2996 με
1170 2953 1245 2983 om
1279 2941 1347 2984 Va

1783 1089 1825 1119 10

1782 1531 1824 1563 15

1781 1976 1825 2007 20
