2020 3146
256 116 605 162 OLEAGINAE
638 116 923 163 CORONAE
955 117 1268 164 PETITORIS
1301 117 1625 164 ABDICATIO
1722 119 1787 173 ’Π

214 258 381 307 Titulo
422 257 666 321 initioque
707 259 903 320 privam
946 258 1357 307 declamationem
1399 259 1597 308 exhibet
1637 259 1791 313 codex

214 334 298 381 43.
331 332 659 382 Vaticanus
699 349 771 396 gr.
807 333 948 381 1858
983 348 1107 382 saec.
1139 327 1373 397 XVJXVI
1403 334 1488 383 fol.
1516 335 1598 383 64.
1660 334 1790 388 Nam

97 405 263 456 verbis
311 406 507 455 demum
553 423 600 469 p.
628 409 719 462 91,
739 408 767 453 2
824 403 1054 455 ἀνέπειθε
1105 405 1186 455 καὶ
1238 411 1545 472 παρανομεῖν
1599 408 1788 471 incipit.

101 479 227 528 Vide
258 483 294 528 t.
317 480 370 528 H
401 498 447 544 p.
477 482 596 529 197.

212 555 287 602 Ex
317 555 394 603 his
427 569 548 617 quos
579 555 632 602 in
671 569 871 603 censum
902 555 1150 604 vocandos
1190 570 1294 604 esse
1334 556 1561 604 duximus
1602 556 1790 605 codices

92 644 278 678 „novem
309 630 371 677 H
374 627 788 678 VGMLaViC'lB
800 629 873 677 Va
904 644 1073 679 rursus
1113 629 1165 677 in
1204 630 1326 678 duas
1358 629 1618 679 discedunt
1647 631 1791 678 fami·

99 702 195 750 lias
241 719 449 765 quarum
494 705 632 766 prior
677 702 925 751 codicibus
964 704 1027 752 H
1031 702 1119 753 VC
1124 740 1136 765 ,
1183 704 1342 752 altera
1377 705 1521 753 MLa
1534 702 1706 754 ViC'lB
1718 706 1793 754 Va

98 778 394 826 continetur.
458 776 601 835 Quod
630 778 761 825 inter
791 777 1012 840 singulos
1051 778 1317 826 intercedit
1354 779 1544 827 codices
1583 781 1790 828 necessi-

97 851 286 900 tudinis
310 851 566 900 vinculum
598 851 689 899 hoc
720 851 814 899 tibi
845 851 1017 900 reddet
1048 854 1258 901 stemma

97 1911 125 1944 e
158 1911 257 1958 quo
297 1897 447 1944 simul
487 1896 642 1945 disces
683 1895 873 1944 codices
911 1895 966 1945 Ol
997 1896 1047 1943 B
1082 1896 1156 1944 Va
1197 1897 1351 1944 etiam
1390 1896 1494 1943 vim
1526 1892 1706 1941 codicis
1731 1893 1800 1940 M

100 1972 326 2032 expertos
359 1985 478 2019 esse.

211 2049 440 2099 Codicem
475 2052 548 2111 Vi,
581 2053 676 2099 etsi
707 2067 764 2099 ex
794 2052 904 2113 ipso
929 2051 1010 2100 La
1043 2067 1154 2099 eum
1184 2051 1380 2099 fluxisse
1412 2048 1670 2112 probabile
1703 2050 1792 2108 est,

98 2125 161 2174 ab
194 2128 444 2188 apparatu
477 2126 648 2174 critico
690 2141 942 2173 removere
981 2125 1122 2173 nolui
1159 2142 1259 2174 non
1298 2125 1460 2174 solum
1492 2123 1610 2185 quia
1640 2138 1793 2170 manu

98 2199 314 2248 secunda
361 2216 418 2248 ex
462 2200 619 2248 altero
667 2199 831 2247 codice
881 2202 1127 2247 correctus
1182 2201 1278 2261 est,
1332 2199 1415 2247 sed
1473 2199 1625 2246 etiam
1673 2196 1793 2259 quja

98 2288 281 2336 magna
304 2289 420 2336 pars
446 2273 627 2323 codicis
650 2273 732 2321 La
755 2273 907 2335 periit
930 2276 980 2321 et
1002 2275 1333 2336 posteaquam
1366 2273 1427 2321 Vi
1460 2288 1517 2319 ex
1542 2287 1598 2320 eo
1623 2285 1793 2318 mana-

98 2346 173 2395 vit
202 2350 396 2396 resarta
427 2350 514 2396 est.

209 2428 355 2477 Fides
387 2446 485 2492 qua
517 2432 727 2491 utraque
764 2429 960 2477 familia
1000 2428 1238 2476 lectiones
1279 2427 1539 2488 archetypi
1575 2423 1792 2473 reddidit
1828 2492 1833 2497 ¹

97 2502 200 2550 fere
230 2518 323 2564 par
354 2505 441 2551 est.

209 2582 426 2632 Numero
474 2584 699 2633 codicum
741 2583 1006 2646 respondet
1054 2584 1197 2645 copia
1243 2582 1660 2630 testimoniorum.
1721 2579 1793 2628 Ut

101 2651 492 2722 Chorioiuml)
509 2659 831 2721 praeteream,
858 2657 1079 2721 singulos
1101 2657 1237 2705 locos
1260 2657 1581 2719 respexerunt
1604 2653 1791 2702 Theo-

99 2730 423 2792 phylactus
457 2731 837 2792 ffimocattes,
862 2730 1237 2793 Nicephorus
1263 2728 1582 2790 Ghumnus,
1605 2728 1790 2776 Maxi-

220 2925 263 2979 1)
294 2922 362 2968 Cf.
393 2939 439 2981 p.
465 2928 520 2967 73
553 2926 648 2968 not.
677 2929 715 2966 1.
