2020 3146
225 107 295 160 48
641 106 869 151 LIBANII
898 106 1288 153 DECLAMATIO
1320 107 1490 152 XXXII

225 244 301 305 εἰς
340 241 529 312 ἕτερον
567 243 781 297 τούτων
819 246 1308 312 παρανομήσαντα,
1349 243 1487 297 ἀλλὰ
1523 245 1768 316 τοσούτω
1810 264 1912 314 φο-

225 330 535 400 βερωτέραν
581 329 796 404 ἐμαυτῷ
840 331 1141 401 κατέστησα
1187 333 1289 401 τὴν
1335 334 1413 395 εἰς
1457 340 1628 386 ταῦτα
1673 351 1912 401 παρανο-

223 420 356 486 μίαν
394 420 427 489 ἢ
466 420 620 487 ὑμεῖς
659 422 760 489 τὴν
798 423 877 484 εἰς
914 423 1046 484 τοὺς
1094 422 1302 490 νόμους
1345 430 1441 490 τῆς
1485 424 1717 489 πόλεως,
1763 419 1912 474 ὥσθ’

135 512 256 557 RIV
273 517 359 557 830
406 509 560 576 ὑμεῖς
598 508 699 577 μὲν
730 508 916 580 ἀτιμίᾳ
945 512 1075 572 τοὺς
1105 517 1563 579 παρανομοῦντας
1594 510 1859 578 κολάζετε,
1902 508 1907 581 Ι

181 618 200 651 5
226 597 328 665 ἐγὼ
370 594 430 650 δὲ
469 597 719 650 θανάτου
752 605 915 651 τοῦτο
948 597 1299 667 ἐτιμησάμην.
1341 599 1422 651 12.
1462 597 1553 651 καὶ
1585 606 1692 651 νῦν
1725 598 1911 667 ἐπειδὴ

224 686 413 756 καιρὸς
465 682 561 755 ἧκε
614 688 800 756 ζημίας
846 686 1214 755 ἀπαραίτητος
1259 685 1349 740 καὶ
1395 689 1528 750 θεὸς
1573 689 1752 755 βίαιος
1798 686 1912 741 ἐπι-

226 775 356 838 στὰς
403 775 503 828 οὐκ
543 774 604 846 ἐᾷ
649 784 871 845 κρατεῖν
917 795 982 842 με
1020 786 1132 829 τῶν
1171 775 1409 845 ἐμαυτοῦ
1448 781 1746 845 λογισμῶν,
1785 774 1914 829 ἀλλ’

226 863 407 934 ὥσπερ
455 864 727 932 τύραννος
773 867 903 927 τοὺς
952 866 1159 932 νόμους
1213 866 1367 918 λύειν
1419 866 1657 934 βιάζεται
1710 865 1802 918 καὶ
1850 865 1912 917 τὸ

225 954 457 1022 χρυσίον
497 953 555 1006 ἐκ
593 962 704 1006 τῶν
744 951 889 1020 ἐμῶν
927 963 1125 1023 χειρῶν
1171 955 1249 1017 εἰς
1294 953 1514 1024 ἑτέρους
1557 953 1843 1023 μετάγειν,
1883 952 1912 1007 ὃ

160 1063 204 1095 10
225 1050 338 1095 τῶν
383 1051 597 1111 πικρῶν
642 1044 991 1112 τυραννίδων
1037 1041 1152 1096 ἐστὶ
1199 1044 1260 1096 τὸ
1311 1043 1647 1112 βαρύτατον,
1702 1043 1794 1095 ἵνα
1839 1042 1913 1111 μὴ

226 1139 564 1199 παρανομεῖν
595 1133 832 1200 βιασθῶ,
855 1133 1122 1185 τεθνάναι
1152 1136 1363 1201 μᾶλλον
1394 1133 1630 1200 εἱλόμην.
1674 1131 1756 1183 13.
1780 1129 1914 1200 πρὶν

228 1217 289 1272 δὲ
328 1222 405 1283 εἰς
444 1221 690 1290 ἀνάγκην
727 1222 991 1290 τοιαύτην
1030 1220 1220 1275 ἐλθεῖν
1260 1221 1460 1274 οὔποτε
1498 1221 1665 1288 ὑμᾶς,
1705 1214 1747 1272 ὦ
1787 1222 1914 1288 φίλ-

226 1329 360 1362 τατα
399 1313 667 1380 χρήματα,
706 1309 1064 1378 ἐγκατέλιπον
1095 1311 1227 1364 οὐδὲ
1258 1313 1387 1372 τοὺς
1419 1308 1507 1379 ἐφ’
1542 1309 1678 1378 ὑμῖν
1709 1311 1914 1375 νόμους

227 1398 490 1469 παρέβην,
530 1399 667 1453 ἀλλὰ
707 1398 798 1452 καὶ
837 1399 1159 1469 προσέθηκα
1196 1400 1306 1468 ἀεί,
1346 1399 1478 1469 ὅπερ
1519 1400 1708 1466 ἅτερος
1747 1399 1916 1464 νόμος

162 1506 204 1540 15
227 1489 462 1556 κελεύει,
508 1486 599 1540 καὶ
639 1488 943 1557 ἀφειλόμην
982 1487 1245 1542 οὐδέποτε
1282 1487 1526 1556 θατέρου
1573 1488 1750 1556 νόμου
1789 1485 1915 1539 τού-

227 1579 479 1644 πίταγμα.
521 1577 660 1630 ὅθεν
698 1574 759 1630 δὲ
796 1579 1174 1648 προσετίθουν
1211 1577 1302 1630 καὶ
1339 1586 1454 1639 πῶς
1485 1583 1654 1629 ταῦτα
1687 1575 1915 1644 ἐφύλατ-

228 1685 342 1734 τον,
380 1672 608 1719 ποθεῖτε
646 1666 778 1729 ἴσως
816 1672 1020 1735 μαθεῖν
1058 1667 1149 1719 καὶ
1179 1667 1392 1719 τελείαν
1422 1666 1524 1734 τὴν
1556 1666 1916 1718 διδασκαλίαν

229 1756 433 1822 λαβεῖν.
489 1755 712 1808 ἀκούετε
759 1756 852 1824 δή,
906 1753 998 1808 καὶ
1051 1757 1156 1825 γὰρ
1204 1754 1420 1825 ἐμαυτῷ
1475 1754 1792 1823 χαριζοίμην
1846 1751 1916 1804 ἂν

228 1843 479 1912 μετάγων
524 1845 626 1911 τὴν
671 1845 853 1913 ψυχὴν
904 1844 1008 1897 ἀπὸ
1062 1853 1174 1897 τῶν
1228 1846 1548 1896 δακνόντων
1601 1842 1774 1910 αὐτὴν
1828 1839 1916 1893 ἐπὶ

164 1950 207 1982 20
229 1933 295 1985 τὰ
332 1932 542 2001 ἡδονὴν
581 1933 664 1986 ἀεὶ
702 1935 1092 2003 παρεσχηκότα.

345 2037 425 2089 14.
468 2038 753 2106 Πρόσοδοι
791 2040 985 2091 τοίνυν
1031 2036 1155 2105 ε’μαὶ
1201 2047 1422 2106 πρῶτον
1468 2036 1568 2103 μὲν
1614 2035 1676 2087 αἰ
1715 2035 1916 2101 κοιναί,

232 2119 353 2180 οἷον
394 2123 455 2179 εὗ
494 2136 671 2179 ποιῶν
709 2126 738 2180 ὁ
777 2126 1085 2196 νομοθέτης
1123 2125 1212 2180 καὶ
1252 2127 1353 2195 τὴν
1391 2126 1564 2194 αὐτὴν
1611 2122 1730 2193 ἐμοὶ
1776 2124 1917 2191 γνώ-

353 2338 375 2376 1
410 2330 566 2387 ἔτερόν
590 2349 642 2390 με
665 2333 827 2378 Iacobs
855 2337 860 2391 Ι
887 2339 1109 2377 τοσοῦτον
1142 2334 1210 2378 Va
1331 2336 1356 2374 2
1390 2333 1569 2388 ἐμαυτῷ
1594 2327 1918 2387 φοβερωτέραν

241 2393 311 2436 Va
431 2397 456 2435 3
498 2390 526 2447 ἢ
552 2393 597 2435 Β
629 2393 711 2436 sed
751 2394 832 2437 καὶ
863 2406 1078 2449 suprascr
1108 2391 1178 2434 m²
1300 2396 1324 2434 6
1358 2387 1552 2449 βιαίωςῖ)
1675 2392 1729 2432 10
1761 2387 1811 2430 τὸ
1845 2400 1920 2454 oin

235 2453 325 2496 Ma
446 2455 500 2495 13
533 2450 706 2507 νόμους
736 2454 844 2507 post
873 2452 982 2502 τοὺς
1007 2453 1088 2507 Va,
1115 2451 1251 2507 ἐμοὺς
1274 2450 1342 2493 Re
1404 2448 1554 2492 delevi
1579 2463 1684 2492 cum
1707 2446 1920 2491 Iacobfflo

235 2509 375 2553 Schul
403 2512 408 2566 Ι
437 2507 607 2566 νόμους
638 2524 713 2554 om
739 2513 808 2555 Va
931 2517 985 2555 14
1019 2509 1170 2565 ἕτερος
1194 2510 1264 2554 Va
1295 2510 1343 2551 eb
1373 2521 1514 2563 supra
1546 2507 1709 2562 ἅτερος
1731 2506 1801 2550 B²

236 2574 290 2613 15
330 2570 411 2613 καὶ
450 2568 707 2625 ἀφειλόμην
746 2569 912 2625 scripsi
945 2583 969 2613 e
995 2569 1186 2614 MaCZB
1226 2568 1308 2612 sed
1346 2567 1396 2610 in
1434 2568 1522 2610 hoc
1561 2566 1747 2622 ἀφελὼν
1779 2576 1920 2620 supra

234 2627 492 2685 ἀφειλόμην
523 2628 593 2671 m²
653 2626 911 2685 ἀφειλόμην
943 2626 991 2672 δ’
1021 2629 1125 2673 HV
1153 2628 1220 2671 Re
1282 2626 1467 2682 ἀφελὼν
1501 2625 1570 2669 Va
1597 2627 1603 2680 Ι
1629 2622 1919 2679 τούπίταγμα

235 2686 399 2743 scripsi
433 2701 457 2731 e
483 2687 675 2732 MaClB
701 2687 792 2730 coll
814 2703 859 2743 p.
878 2691 1037 2742 49‚13;
1062 2690 1096 2732 t.
1113 2687 1177 2730 IV
1195 2690 1359 2738 210,12
1421 2684 1472 2728 τὸ
1498 2681 1725 2740 ἐπίταγμα
1743 2683 1800 2726 H
1806 2682 1921 2726 VVa

235 2746 304 2790 Re
427 2751 479 2790 16
506 2746 557 2790 δὲ
583 2746 747 2802 scripsi
772 2760 797 2790 e
817 2747 1006 2791 MaOlB
1068 2747 1149 2790 καὶ
1166 2746 1221 2789 H
1226 2746 1345 2790 VVa
1367 2744 1436 2787 Re
1463 2745 1468 2800 Ι
1495 2739 1781 2798 προσετίθην
1796 2740 1922 2783 Maro

235 2804 299 2847 XI
323 2809 348 2847 6
380 2805 578 2849 fortasse
608 2807 754 2859 recte,
789 2807 844 2848 ut
874 2805 917 2847 V
940 2809 1041 2860 470,
1062 2810 1116 2849 16
1167 2805 1173 2861 Ι
1224 2803 1347 2855 ὅπως
1379 2804 1448 2847 Va
1479 2803 1527 2845 et
1561 2813 1702 2857 supra
1732 2807 1829 2850 πῶς
1853 2797 1922 2843 Β*

356 2869 408 2908 17
433 2868 697 2914 ποθοῦντες
715 2865 859 2909 MaOl
973 2869 1026 2907 19
1051 2862 1136 2918 τὴν
1157 2863 1301 2908 ΜαΟΖ
1359 2861 1417 2905 τὰ
1439 2861 1525 2917 τὴν
1542 2861 1586 2905 Β
1702 2864 1754 2902 21
1781 2857 1920 2913 πρόσ-

236 2924 340 2968 οδοι
381 2922 541 2968 τοίνυν
579 2924 684 2980 ἐμαὶ
719 2923 843 2966 inser
867 2922 935 2966 Β2
1088 2927 1142 2965 22
1183 2923 1262 2965 καὶ
1300 2921 1384 2977 τὴν
1423 2919 1567 2975 αὐτὴν
1608 2919 1708 2974 ἐμοὶ
1739 2918 1809 2962 Va
1840 2916 1921 2960 sed
