2014 3158
242 107 348 160 636
649 106 875 150 LlBANII
906 105 1297 152 DEOLAMATIO
1328 107 1516 152 XLVIII

239 244 360 296 ὅσοι
406 247 691 296 πλουτεῖτε
737 244 994 312 βεβαίως,
1046 243 1196 305 ὅσοις
1251 242 1496 312 ἐφύλαξα
1551 247 1793 314 κτήματα
1839 244 1928 299 καὶ

239 338 448 400 οἴκους,
495 333 701 400 ταύτην
748 331 999 385 ἀντίδοτε
1045 333 1147 401 τὴν
1191 330 1368 401 χάριν.
1424 330 1678 402 ἐκβάλετέ
1723 353 1789 403 με
1835 342 1928 404 τῆς

236 418 491 494 πατρῴας
529 423 719 484 οἰκίας.

349 511 432 565 67.
478 508 671 580 Μηδὲν
711 509 957 564 ἐνταῦθα
996 511 1268 581 ἀντείπῃς,
1302 509 1343 564 ὦ
1376 509 1563 580 πάτερ,
1601 509 1739 580 μηδὲ
1778 515 1928 581 κινή-

191 622 211 654 5
237 615 335 672 σῃς
387 602 489 670 τὴν
543 607 751 653 σαυτοῦ
807 601 1095 668 δεινότητα
1149 599 1332 654 πάλιν.
1396 597 1570 654 οὐκέτ’
1629 599 1810 654 ἐκεῖνα
1862 602 1928 654 τά

234 691 520 759 πρότερον,
562 691 719 758 λόγοι
751 686 1144 763 ὑπερφύσεως
1174 691 1265 743 καὶ
1301 693 1622 759 συγγενείας
1653 690 1743 743 καὶ
1775 696 1928 744 θεῶν

146 784 266 828 RIV
281 788 363 828 705
417 777 420 850 J
464 781 773 846 γενεθλίων
811 777 900 831 καὶ
941 781 1340 849 κουροτρόφων
1378 779 1466 832 καὶ
1500 781 1927 848 φιλανθρωπίας

233 867 323 921 καὶ
371 869 702 936 συγγνώμης
747 866 838 920 καὶ
885 870 1140 937 νεότητος
1188 865 1595 938 ὀλισθημάτων.
1649 866 1790 922 ἀλλοέ
1833 889 1926 937 μοι

232 958 530 1026 παρελθὼν
586 956 975 1027 ἀκολούθησον
1030 965 1105 1029 τῷ
1164 961 1496 1027 ψηφίσματι,
1558 960 1799 1029 τήρησον
1861 957 1926 1012 ὃν

167 1071 209 1101 10
233 1044 372 1100 ἔθου
413 1050 603 1116 νόμον,
645 1045 885 1117 φθέγξαι
924 1045 1093 1100 πάλιν
1131 1048 1197 1100 τά
1236 1047 1375 1100 αὐτὰ
1415 1047 1639 1117 ῥήματα.
1681 1055 1786 1100 νῦν
1824 1044 1926 1117 μὲν

234 1136 463 1198 οὐδενός
511 1150 600 1189 σοι
648 1137 733 1188 δεῖ
779 1135 1133 1206 γραμματέως
1180 1135 1644 1205 ἀναγνωσομένου
1697 1137 1795 1190 τὸν
1834 1138 1926 1190 νό-

231 1245 362 1292 μον,
417 1224 536 1278 ἀλλ’
582 1224 868 1278 ἐπίστασαι
914 1233 1010 1294 τῆς
1059 1225 1442 1296 ἀποκηρύξεως
1489 1227 1584 1288 τὰς
1633 1224 1923 1294 συλλαβάς.

233 1314 318 1367 68.
358 1317 432 1383 μή
462 1334 570 1383 μου
610 1315 710 1383 τὴν
750 1313 1032 1382 ἀριστείαν
1063 1316 1371 1384 αἰσχυνθῇς
1404 1311 1541 1384 μηδὲ
1574 1317 1702 1378 τοὺς
1733 1316 1924 1384 αἰχμα-

232 1404 441 1466 λώτους
481 1403 579 1465 οὓς
619 1396 769 1457 εἷλον
807 1403 945 1472 μηδὲ
991 1405 1053 1458 τὸ
1094 1408 1310 1473 πλῆθος
1349 1414 1461 1457 τῶν
1501 1414 1726 1473 νεκρῶν.
1784 1401 1926 1457 ἕπει-

165 1516 207 1548 15
234 1506 332 1555 σας
385 1491 475 1546 καὶ
530 1493 627 1545 τὸν
681 1493 861 1562 δῆμον
907 1492 940 1545 ἃ
987 1492 1121 1556 τέως
1175 1492 1483 1560 ἐθαύμαζεν
1533 1492 1924 1560 ἀποφαυλίσαι.

230 1585 399 1648 μόνος
425 1581 561 1635 οἴκει
595 1583 694 1651 τὴν
721 1583 919 1651 οἰκίαν,
945 1580 1297 1652 ἀπαλλάγηθι
1330 1592 1440 1635 τῶν
1475 1582 1621 1651 ἐμῶν
1653 1583 1923 1652 δακρύων.

231 1671 298 1724 οὐ
340 1672 585 1740 δύναμαί
622 1685 710 1724 σοι
751 1672 938 1724 συνὼν
963 1671 1361 1776 ἀμνημονῆσαι
1393 1680 1493 1725 τοῦ
1525 1672 1924 1739 κακοδαίμονος

230 1759 491 1829 ἀδελφοῦ.
538 1763 775 1831 χρηστόν
820 1781 910 1828 με,
951 1757 992 1813 ὦ
1032 1758 1228 1830 πάτερ,
1279 1759 1599 1830 ἐγέννησας,
1640 1760 1923 1830 ἐλεήμονα,

230 1852 679 1920 φιλοικτίρμονα,
732 1848 1017 1918 πάσχοντά
1075 1869 1128 1902 τι
1189 1851 1326 1919 πρὸς
1387 1850 1479 1912 τὰς
1533 1859 1644 1903 τῶν
1706 1851 1922 1904 οἰκείων

162 1960 206 1993 80
229 1939 408 2007 τύχας.
444 1936 742 2007 ἐγκάλεσον
773 1947 838 2009 τῇ
872 1940 1052 2007 φύσει.
1086 1938 1115 1991 ὁ
1148 1940 1305 1992 δεῖνα
1336 1942 1531 2007 βίαιος,
1564 1939 1728 2002 ἄλλος
1759 1937 1922 2008 ὠμός,

230 2028 396 2090 ἄλλος
436 2029 677 2097 στερεός,
723 2026 829 2094 ἐγὼ
872 2026 1287 2099 φιλάνθρωπος.
1342 2029 1444 2081 οὐκ
1490 2025 1605 2082 ἔστι
1651 2026 1922 2098 μάχεσθαι

231 2124 295 2186 τῇ
336 2117 516 2186 φύσει.
558 2117 643 2170 69.
682 2120 904 2170 πολλῶν
944 2116 1146 2186 ὀφείλω
1182 2131 1268 2171 σοι
1303 2116 1543 2187 χάριτας,
1583 2125 1766 2186 γονῆς,
1798 2137 1923 2186 τρο-

351 2283 375 2320 2
402 2275 639 2335 ἐκβάλλετε
664 2278 710 2321 Β
833 2282 857 2320 3
882 2279 1101 2333 πατρώας
1117 2279 1161 2322 L
1282 2283 1308 2322 4
1333 2276 1570 2328 ἀντείποις
1586 2278 1790 2323 AthMos
1814 2278 1923 2322 Fert

231 2337 332 2381 Mor
358 2338 364 2394 Ι
393 2336 453 2393 μὴ
487 2336 537 2379 δὲ
563 2337 655 2380 LP
683 2336 793 2380 Fen·
915 2342 938 2380 6
972 2335 1140 2394 λόγουσ
1164 2338 1258 2382 Ath
1378 2342 1402 2380 9
1437 2335 1686 2394 διηγήματι
1710 2338 1804 2382 Ath

233 2400 287 2440 10
327 2395 414 2452 γὰρ
454 2397 562 2452 posia
599 2396 681 2451 μὲν
708 2397 753 2440 Β
899 2402 950 2440 13
993 2399 1039 2440 et
1077 2401 1131 2440 14
1170 2396 1231 2453 μὴ
1272 2397 1322 2440 δὲ
1348 2398 1441 2441 LP
1474 2396 1584 2439 Ferr
1729 2401 1781 2439 15
1822 2397 1920 2469 καὶ]

231 2457 416 2509 „malim
441 2454 558 2511 γάρ“
580 2455 648 2498 Re
770 2460 822 2497 16
850 2455 972 2499 οἴκοι
988 2457 1124 2500 LPB
1184 2454 1293 2500 ὤκει
1310 2456 1421 2499 Fert·
1543 2459 1597 2498 17
1623 2453 1862 2500 δύνασθαί
1879 2457 1922 2500 L

290 2511 492 2558 δύνασαί
523 2514 634 2558 Fert
779 2519 832 2558 19
872 2531 915 2558 τι
947 2529 1022 2558 om
1054 2515 1165 2559 Ferr
1213 2518 1219 2570 Ι
1268 2522 1360 2559 τῶν
1392 2528 1468 2558 om
1499 2514 1567 2557 Re
1711 2519 1766 2559 20
1807 2514 1831 2559 ὁ
1863 2540 1919 2547 ——

231 2578 286 2616 22
329 2573 466 2628 φύσει
508 2587 584 2617 om
609 2573 654 2616 B
798 2578 850 2617 21
897 2571 1078 2629 στερεός
1116 2573 1281 2630 scripsi
1357 2572 1521 2628 ἑτέρως
1557 2573 1668 2618 libri
1708 2574 1798 2618 edd
1838 2574 1920 2617 sed

231 2646 372 2687 „num
403 2631 579 2687 ἅνερως
610 2646 761 2677 amore
791 2633 981 2677 carens?
1021 2639 1105 2678 aut
1143 2634 1262 2678 deest
1298 2634 1489 2689 aliquid.
1529 2647 1641 2677 num
1683 2632 1730 2691 ἔχ
1732 2650 1798 2677 ων
1830 2631 1919 2677 ἑτέ-

232 2695 349 2746 ρως.6
353 2691 465 2736 ‘Re
527 2689 710 2746 στερρός
742 2691 845 2735 coni
876 2692 1038 2736 Iacobs
1070 2692 1177 2735 Add
1206 2696 1291 2736 292
1323 2691 1463 2735 Anth.
1496 2691 1594 2736 Pal.
1627 2692 1691 2735 ΙΙΙ
1716 2696 1800 2735 734

232 2755 286 2794 22
319 2752 499 2794 πολλῶν
525 2777 579 2784 -
607 2755 707 2806 637,
727 2755 747 2794 1
783 2749 937 2794 οἰκίαν
971 2751 1142 2795 omissa
1175 2765 1286 2795 voce
1317 2749 1536 2801 παιδείας
1567 2751 1627 2794 ad
1659 2764 1815 2795 versus
1844 2764 1918 2794 co-

230 2809 441 2853 moediae
473 2808 659 2853 Atticae
701 2811 882 2853 πολλῶν
926 2809 1093 2865 ὀφείλω
1140 2824 1211 2854 σοι
1249 2826 1460 2868 χαριτας,
1499 2815 1660 2867 γονῆς,
1700 2816 1876 2866 τροφῆς
1909 2809 1916 2868 Ι

230 2866 479 2971 1α’μεΙίΙί-ῖῐομκκί
510 2882 558 2912 σε
590 2873 652 2926 τῷ
684 2876 852 2925 φυγεῖν
879 2867 965 2924 τὴν
998 2867 1153 2913 οἰκίαν
1185 2869 1417 2913 revocavit
1441 2868 1645 2913 Kockius
1670 2868 1794 2913 Com.
1820 2870 1917 2913 Att.

250 2941 273 2969 r
402 2942 433 2983 p
474 2931 675 2983 478,371
