2014 3158
858 658 1076 713 XLVII.

100 782 307 848 ’Ἐχων
343 797 441 842 τις
480 779 598 832 δύο
645 779 882 841 παῖδας
931 779 1091 847 πρὸς
1136 780 1250 832 τὸν
1297 777 1523 848 ἕτερον
1568 778 1812 848 ἐχθρω-

114 870 239 931 δῶς
277 866 574 921 διέκειτο.
630 867 983 937 ἀρρωστῶν
1031 866 1332 921 ἐκέλευσε
1379 872 1476 940 τῷ
1510 867 1696 921 παιδὶ
1744 867 1813 922 ἐν

112 966 254 1020 ταῖς
293 958 647 1025 διαθήκαις
687 956 891 1010 αὑτὸν
929 958 1133 1025 μόνον
1181 955 1542 1026 ἐγγράφειν
1580 961 1812 1027 κληρο-

113 1048 330 1113 νόμον.
371 1046 400 1100 ὁ
441 1046 510 1099 δὲ
548 1043 656 1098 καὶ
694 1046 809 1098 τὸν
849 1044 1142 1113 ἀδελφὸν
1187 1042 1489 1116 ἔγραψεν.
1536 1046 1813 1114 ὑγιάνας

115 1135 144 1189 ὁ
184 1135 388 1205 πατὴρ
429 1135 536 1188 καὶ
577 1134 786 1204 εὑρὼν
824 1133 928 1187 καὶ
968 1134 1082 1187 τὸν
1113 1133 1340 1204 ἕτερον
1373 1133 1811 1205 ἐγγεγραμμέ-
1859 1156 1879 1190 ⁵

356 1243 475 1277 νον
513 1223 952 1292 ἀποκηρύττει
990 1224 1105 1277 τὸν
1144 1223 1576 1293 ἐγγράψαντα.

229 1343 275 1395 1.
306 1340 441 1395 Ἀλλ’
482 1343 528 1395 εἰ
560 1340 652 1395 καὶ
692 1343 927 1411 χαλεπὸς
965 1343 1097 1410 ἡμῖν
1127 1341 1340 1411 πέφηνε
1371 1341 1503 1411 μετὰ
1533 1343 1635 1411 τὴν
1674 1347 1795 1391 RIV
1815 1353 1902 1392 669

113 1433 285 1484 νόσον
325 1430 354 1484 ὁ
394 1431 571 1499 πατὴρ
609 1430 702 1483 καὶ
739 1438 993 1494 τοιοῦτος
1024 1423 1147 1484 οἷον
1186 1431 1289 1485 οὐκ
1321 1432 1392 1484 ἄν
1422 1448 1555 1484 ποτε
1592 1432 1813 1500 ἤλπισα,

233 1593 280 1637 Ρ
348 1614 402 1628 =
430 1590 587 1635 Codex
617 1590 859 1635 Parisinus
885 1606 954 1648 gr.
982 1595 1097 1635 3018

233 1652 294 1694 M
348 1673 403 1687 =
429 1650 694 1694 Marcianus
725 1665 793 1708 gr.
818 1655 905 1694 439

238 1710 299 1755 Cr
345 1733 399 1747 =
427 1709 880 1766 Hierosolymitanus
914 1709 957 1754 S.
991 1708 1151 1754 Crucis
1184 1714 1240 1753 57

236 1771 324 1814 Ma
349 1793 403 1806 =
431 1769 721 1814 Matritensis
753 1773 886 1824 4679,
920 1769 1031 1814 olim
1055 1769 1194 1813 N-49

237 1830 288 1875 Ol
350 1851 404 1866 =
431 1828 742 1874 Berolinensis
774 1842 842 1885 gr.
870 1833 954 1872 195
987 1828 1100 1872 olim
1131 1828 1522 1874 claromontanus

234 1890 310 1933 Pa
349 1910 404 1925 =
433 1888 675 1932 Parisinus
707 1903 775 1945 gr.
802 1892 918 1931 3017

234 1949 280 1992 Β
350 1970 403 1984 =
434 1947 712 1991 Barberinus
737 1947 779 1990 11
804 1952 857 1991 41
893 1946 1168 2004 (Vaticanus
1199 1947 1336 1991 Barb.
1364 1949 1468 2001 220)

241 2008 311 2052 Va
349 2029 400 2043 =
428 2006 684 2050 Vaticanus
716 2021 783 2063 gr.
810 2011 866 2051 82

236 2159 259 2198 1
296 2156 553 2211 Συγγνώμη
580 2155 642 2198 Μ
669 2154 728 2198 of.
752 2154 971 2212 Hermog.
996 2157 1104 2198 stat.
1131 2160 1156 2198 2
1183 2155 1230 2197 et
1255 2159 1281 2198 6
1312 2154 1448 2199 Rhetz.
1474 2168 1543 2211 gr.
1569 2153 1639 2197 ed.
1667 2152 1811 2209 Spen-

116 2213 206 2272 gel.
237 2213 282 2257 H
315 2218 412 2269 140‚
432 2218 456 2256 6
490 2215 537 2256 et
569 2217 668 2267 163,
688 2218 742 2257 19
761 2228 828 2269 sq.
869 2228 908 2258 e.
941 2213 1101 2257 scholl.
1134 2213 1270 2259 Rhet.
1304 2228 1372 2270 gr.
1406 2213 1479 2257 ed.
1510 2212 1658 2256 Walz.
1690 2214 1724 2256 t.
1747 2211 1812 2255 IV

116 2277 399 2328 650‚12sq.;
433 2276 599 2327 670‚8;
633 2276 831 2327 687,12;
864 2276 1040 2329 699,14
1062 2287 1130 2328 sq.

238 2426 259 2464 1
300 2417 483 2491 Θεωρία
516 2421 626 2463 ante
656 2417 811 2476 Ἔχων
842 2419 976 2475 Fon,
1007 2417 1130 2476 Ἄλλη
1170 2419 1344 2476 μελέτη.
1389 2417 1571 2474 Θεωρία
1610 2418 1713 2462 Mor
1743 2418 1810 2461 Re

118 2479 339 2595 εοὲξξίνξ
355 2480 570 2583 '1513AE
575 2479 942 2582 (Ξέἶὲαξζαὴίἶᾶὲ
965 2479 1536 2594 ’ἶὲέέἴῐηῗᾝῗίῒοᾷἴῗέ
1554 2477 1813 2592 ἕὲξωᾶἷξ

119 2613 223 2642 cum
254 2597 465 2642 Iacobsio
497 2597 610 2640 Lect
644 2600 727 2640 136
790 2598 839 2655 ἐχ
841 2600 906 2652 θρ
910 2605 944 2641 ῶ
972 2599 1035 2642 M
1061 2597 1143 2641 sed
1175 2599 1266 2647 δὼς
1290 2597 1384 2640 add
1408 2611 1439 2654 y
1500 2596 1812 2653 ἐχθρῶςωδῶς

118 2659 192 2702 Ρα
253 2656 432 2714 ἐχθρῶς
456 2657 503 2701 Ρ
529 2655 619 2699 edd
763 2660 789 2699 2
812 2614 998 2700 ἐκέλευε
1026 2655 1247 2729 ΜαΟἶΡα
1322 2654 1551 2700 ἐκελεύετο
1586 2655 1654 2698 Va
1702 2657 1708 2709 1
1759 2653 1811 2698 ἐν

117 2723 220 2766 ταῖς
250 2729 322 2759 om
360 2716 428 2760 Va
548 2718 574 2758 3
607 2711 751 2759 αὐτὸν
777 2715 922 2760 Macz
1041 2720 1067 2758 5
1099 2715 1248 2770 εὑρὼν
1279 2715 1360 2757 καὶ
1383 2727 1456 2757 om
1482 2715 1557 2757 Pa
1581 2713 1663 2756 sed
1694 2713 1809 2757 ἰδών

118 2776 226 2831 posti
250 2772 616 2832 ἐγγεγραμμένον
738 2777 763 2816 6
796 2773 1045 2847 γράψαντα
1065 2775 1191 2818 BVa
1313 2777 1336 2815 7
1376 2771 1666 2828 Φιλαδέλφου
1691 2772 1811 2816 ἀπο-

119 2833 468 2935 κηρυέτορὲένοέ
484 2830 728 2888 ἀπολογία.
753 2835 863 2876 anto
874 2830 986 2877 ’'Am.
1008 2833 1110 2877 Mor
1125 2833 1207 2887 Re,
1226 2830 1290 2875 H
1310 2829 1469 2888 μελέτη
1489 2831 1599 2874 Ferr
1660 2830 1810 2875 delevi

299 2908 323 2936 ο
346 2908 398 2943 ος
471 2905 496 2935 e
