2014 3158
533 108 671 152 FILII
703 108 987 153 ABDICATI
1017 108 1318 154 DEFENSIO
1678 111 1787 164 563

201 244 286 297 22.
319 246 453 298 Ναί
489 259 642 312 φησι,
683 246 879 313 νόμος
918 245 1038 314 γὰρ
1079 246 1216 298 ε”στι
1248 265 1357 312 μοι
1402 246 1633 309 διδοὺς
1671 248 1789 315 τὴν

88 333 507 403 ἀποκήρυξιν.
549 332 654 402 ἐγὼ
695 330 755 386 δὲ
792 333 894 386 οὐκ
925 331 1033 402 ἐρῶ
1066 335 1127 386 τὸ
1163 336 1610 403 προχειρότατον,
1651 336 1723 399 ὡς
1756 335 1787 389 ὁ

87 425 257 491 νόμος
297 418 456 485 οὗτος
497 421 727 490 ἀπειλὴν
765 421 866 489 μὲν
904 419 1014 490 ἔχει
1054 423 1252 491 ψιλήν,
1299 424 1360 476 τὸ
1412 423 1474 476 δὲ
1514 427 1679 493 ἔργον
1719 425 1787 478 οὐ

89 512 462 579 προστίθησιν
502 509 622 564 οὐδ’
669 511 742 573 ὡς
781 510 810 564 ὁ
849 509 972 573 θεὶς
1019 511 1190 563 αὐτὸν
1237 511 1478 565 ἀνασείει
1525 510 1627 581 μὲν
1671 523 1788 577 τοῖς

87 598 237 662 νέοις
275 601 377 668 τὴν
415 603 686 669 τιμωρίαν
723 593 1183 669 προαναστέλλων
1223 601 1325 669 τὴν
1364 602 1685 670 θρασύτητα
1717 609 1790 675 τῷ
1834 625 1852 657 5

89 688 227 757 δέει,
273 689 374 757 τὴν
414 689 476 741 δὲ
515 689 690 756 φύσιν
738 679 839 741 οὐκ
879 687 1126 757 ἀνέχεται
1176 689 1313 758 πρὸς
1354 689 1526 758 αὑτὴν
1566 689 1786 744 ἐκπολε-

85 785 244 846 μοῦν.
284 785 449 830 τοῦτο
482 778 587 845 γὰρ
620 775 690 829 ἀν
721 772 790 844 ἦν
831 777 933 830 οὐκ
972 776 1175 847 ἀνδρὸς
1216 777 1447 848 ὁμονοίᾳ
1485 779 1586 847 τὴν
1623 781 1788 833 πόλιν

88 865 434 935 συνέχοντος,
474 863 591 918 ἀλλ’
630 863 840 934 ἐχθροῦ
879 873 1074 919 κοινοῦ
1115 866 1354 919 διασπᾶν
1394 867 1630 936 τὰγένη
1668 886 1786 922 πει-

87 954 352 1023 ρωμένου.
394 953 478 1006 23.
505 952 625 1007 ἀλλ’
662 952 818 1022 ἔστω,
852 955 1125 1022 δεδόσθω,
1159 966 1276 1018 τοῖς
1307 956 1586 1025 γράμμασι
1618 971 1786 1027 προσ-

87 1043 292 1112 έχωμεν
331 1045 545 1111 μόνοις,
591 1043 766 1112 μηδὲν
813 1042 1141 1108 ἐξεταζέσθω
1196 1044 1380 1098 πλέον.
1435 1046 1492 1098 τί
1544 1041 1669 1111 οὗν;
1725 1045 1786 1099 ἐν
1811 1069 1853 1101 ιο

84 1138 159 1202 τῷ
200 1133 399 1185 δοῦναι
437 1133 539 1200 τὴν
578 1140 673 1200 τῆς
713 1131 1100 1202 ἀποκηρύξεως
1155 1131 1411 1196 ἐξουσίαν
1449 1132 1539 1187 καὶ
1579 1135 1787 1197 πάντας

85 1221 259 1284 εὐθὺς
298 1220 698 1290 ἀποκηρύττειν
738 1220 1004 1285 δέδωκεν;
1053 1221 1155 1275 οὐκ
1194 1224 1360 1275 ἔστιν.
1401 1220 1518 1275 ἀλλ’
1568 1219 1648 1277 ὧν
1685 1221 1786 1291 μὲν

83 1309 414 1379 κατέγνωκε,
454 1311 687 1372 τούτους
726 1320 898 1378 μισεῖ,
939 1303 1022 1372 οἷς
1062 1308 1122 1363 δὲ
1163 1311 1331 1364 οὐδὲν
1372 1310 1611 1380 ἐγκαλεῖ,
1660 1314 1784 1365 τού-

84 1419 198 1462 τοις
238 1396 370 1452 οὐδὲ
410 1399 720 1466 διείλεκται,
762 1397 877 1452 ἐπεὶ
916 1398 1007 1452 καὶ
1044 1401 1143 1452 τὸν
1176 1399 1533 1469 ἀνδροφόνον
1571 1402 1786 1470 κρίνειν

83 1485 318 1555 ἔξεστιν,
374 1486 491 1540 ἀλλ’
552 1487 619 1540 οὐ
674 1490 772 1541 τόν
825 1508 887 1556 γε
941 1489 1042 1557 τὴν
1100 1497 1256 1558 χεῖρα
1308 1486 1561 1558 καθαρὸν
1615 1488 1784 1554 ἄξιον.
1809 1512 1851 1546 15

85 1577 171 1630 24.
212 1576 355 1630 οὕτω
397 1577 464 1645 δὴ
502 1575 594 1629 καὶ
634 1575 759 1646 περὶ
800 1578 1031 1630 τούτων.
1072 1577 1172 1646 οὐχ
1206 1577 1237 1646 ἡ
1272 1586 1366 1646 τῆς
1399 1577 1784 1647 ἀποκηρύξεως

85 1665 302 1728 ἐξουσία
367 1665 593 1732 βλάπτει
655 1668 786 1728 τοὺς
848 1666 1103 1728 ἐπιεικεῖς
1160 1677 1272 1719 τῶν
1326 1666 1493 1735 νέων,
1550 1664 1666 1720 ἀλλ’
1729 1669 1788 1736 οἱ

206 1817 227 1854 1
262 1811 391 1856 Dem.
425 1811 584 1854 Boeot.
614 1811 633 1854 I
665 1826 710 1867 p.
735 1815 863 1865 1006,
883 1816 938 1856 19
957 1826 1023 1867 sq.
1058 1811 1175 1855 Pla‘o.
1201 1811 1291 1868 leg.
1316 1812 1379 1855 XI
1409 1827 1454 1869 p.
1482 1817 1567 1856 928
1587 1813 1638 1856 D.
1671 1813 1780 1857 Luc.

86 1869 235 1914 abdic.
271 1875 297 1924 ξ
322 1875 363 1913 8.
398 1870 455 1914 cf.
481 1870 1164 1927 Meier-Schoemann-Lipsius‚
1197 1872 1292 1915 Att.
1320 1872 1511 1916 Process
1536 1887 1580 1929 p.
1609 1877 1692 1916 535
1713 1887 1780 1929 sq.

202 1935 229 1973 4
262 1929 391 1974 Dem.
426 1929 629 1986 Aristog.
654 1929 675 1972 Ι
704 1944 749 1985 p.
780 1934 880 1986 784,
899 1935 952 1974 22
1094 1934 1119 1973 5
1153 1931 1210 1974 cf.
1244 1934 1277 1975 ι.
1302 1931 1345 1974 V
1370 1935 1569 1986 356‚11;
1606 1936 1705 1988 389,
1726 1937 1778 1976 11

204 1993 255 2031 11
291 1989 398 2033 Luc.
434 1988 520 2032 1.1.
553 1993 578 2042 ἓ
604 1993 630 2032 8
663 1990 711 2033 ei:
742 1993 799 2031 20

204 2112 225 2150 1
253 2107 281 2164 ἡ
307 2107 511 2165 προβολὴ
534 2106 779 2165 (προσβολὴ
799 2108 906 2163 Ath)
929 2107 1048 2150 κατὰ
1080 2107 1291 2152 ἔνστασιν
1311 2112 1403 2166 (om
1424 2110 1462 2153 Ο
1483 2110 1631 2165 Wolf)
1648 2110 1785 2154 Atho

92 2167 224 2221 Wolf
337 2172 361 2210 2
387 2166 512 2216 λύσις
529 2168 574 2210 Β
635 2167 663 2223 ἡ
688 2166 814 2216 λύσις
839 2166 958 2210 κατὰ
987 2166 1198 2212 ἔνστασιν
1226 2169 1357 2223 Wolf
1470 2173 1494 2211 9
1521 2169 1779 2224 ἀντιπαρά-

85 2239 242 2276 στασις
265 2227 358 2269 Ath
378 2227 415 2270 Ο
439 2226 570 2279 Wolf
638 2223 877 2275 ἀντίθεσις
902 2227 948 2270 Β
1094 2231 1147 2269 10
1182 2225 1234 2271 τὸ
1268 2225 1539 2284 ἐπιχείρημα
1571 2228 1664 2270 ἀπὸ
1696 2235 1777 2272 τοῦ

83 2284 352 2341 πράγματος
369 2286 462 2329 Ath
485 2285 521 2329 C
540 2285 672 2339 Wolf
785 2289 838 2328 16
865 2284 1056 2341 ἐργασία
1074 2285 1167 2330 ἀπὸ
1185 2293 1276 2330 τῶν
1295 2285 1466 2343 ὁμοίων
1484 2287 1577 2331 Ath
1596 2288 1634 2331 G
1656 2287 1780 2341 Wolf

203 2408 228 2446 2
261 2400 614 2461 προχειρότερον
649 2403 717 2446 Va
749 2403 831 2446 sed
862 2420 1002 2447 τατον
1036 2418 1251 2460 suprascr
1280 2404 1350 2447 m2
1378 2410 1382 2456 Ι
1412 2403 1436 2449 ὁ
1469 2419 1543 2448 om
1570 2406 1659 2448 Ma

86 2466 112 2504 5
145 2465 206 2519 τῷ
240 2461 334 2506 δέει
367 2460 417 2507 τὸ
450 2461 567 2505 πολὺ
598 2467 682 2516 τῆσ
712 2462 1006 2517 θρασύτητος
1031 2464 1094 2507 Ia·
1237 2469 1262 2506 6
1302 2463 1386 2520 τὴν
1428 2463 1570 2519 φύσιν
1603 2461 1646 2506 δ’
1678 2463 1785 2508 HV

84 2521 148 2565 Li
183 2523 188 2577 1
226 2521 371 2577 αὐτὴν
397 2522 454 2565 H
458 2520 721 2564 VLaMaCl
732 2522 800 2564 Va
831 2521 940 2564 Ferr
965 2522 1065 2565 Mor
1189 2527 1211 2565 7
1246 2520 1305 2567 ἂν
1337 2536 1411 2566 om
1437 2524 1501 2567 Li
1535 2525 1541 2578 Ι
1581 2520 1776 2583 ὁμονοίᾳ

84 2623 248 2680 scripsi
273 2638 328 2668 ex
353 2624 595 2669 HVLiLa
656 2622 947 2678 ὁμονοοῦσαν
966 2625 1314 2670 MAthMaczB
1327 2627 1394 2670 Va
1427 2625 1518 2668 edd
1641 2595 1775 2668 8⁶33-

84 2680 268 2739 έχοντος
298 2684 391 2727 Ath
475 2681 722 2739 ἀνέχοντος
763 2683 831 2726 Va
977 2689 1002 2727 9
1047 2685 1328 2742 προσέχομεν
1363 2684 1635 2728 MaClBVa

0 2739 1 2767 ³
85 2746 139 2784 10
172 2741 287 2798 μηδὲ
319 2743 394 2786 La
533 2746 586 2784 12
613 2741 783 2785 ἔδωκεν
818 2743 885 2787 Va
1022 2748 1077 2787 14
1110 2744 1373 2799 διήλεγκται
1406 2743 1517 2785 Ferr
1548 2742 1649 2786 Mor

85 2804 138 2842 15
171 2801 394 2855 καθαρὰν
420 2801 495 2844 La
536 2802 542 2856 Ι
585 2799 717 2852 ἄξιον
749 2799 995 2844 delendum
1031 2805 1188 2846 censet
1219 2801 1417 2846 Cobetus
1458 2801 1573 2844 Misc
1608 2805 1691 2844 163
1725 2803 1775 2845 at

84 2859 140 2902 ef.
173 2874 219 2915 p.
246 2863 389 2912 537‚3
409 2873 475 2914 sq.
509 2860 557 2903 et
588 2863 687 2913 592,
703 2863 757 2902 22
776 2874 842 2914 sq.
877 2863 925 2903 et
950 2865 1049 2914 600,
1070 2866 1091 2904 1
1226 2865 1279 2903 16
1312 2861 1478 2904 τούτου
1504 2861 1567 2904 Li
1614 2862 1621 2917 Ι
1671 2861 1773 2918 οὐχὶ

83 2923 163 2970 τῆς
195 2918 521 2973 ἀποκηρύξεως
551 2918 579 2973 ἡ
606 2917 789 2969 ἐξουσία
805 2919 909 2962 HV

1325 2993 1414 3035 36*
