2014 3158
625 109 926 154 STRATEGI
955 108 1261 154 APOLOGIA
1676 109 1785 163 483

89 245 339 315 τημένων
377 247 624 318 τοσούτῳ
672 247 991 314 δεινότερον
1038 253 1138 298 τοῦ
1186 251 1391 299 παθεῖν
1441 265 1494 298 τι
1532 253 1788 299 τοιοῦτον

90 335 144 399 ἐξ
185 333 570 403 ἐπιτάγματος,
618 335 729 407 ὅσῳ
781 336 843 388 τὸ
891 335 993 404 μὲν
1031 342 1107 407 τῷ
1147 342 1339 407 καιρῷ
1364 336 1657 404 συμβαίνει
1695 335 1787 388 καὶ

90 424 151 477 τὸ
192 433 302 478 τῶν
342 423 548 477 ἀδίκων
585 424 886 493 ὑπομεῖναί
920 443 972 476 τι
1011 424 1111 476 τὸν
1151 424 1494 477 δουλεύοντα
1525 424 1786 493 σύνηθες,

91 512 151 565 ἐν
191 513 252 566 δὲ
297 515 489 581 νόμοις
535 514 798 566 δοκοῦσιν
848 513 1060 581 ἰσχύειν
1105 511 1195 565 καὶ
1243 514 1612 582 δημοκρατίας
1660 515 1786 582 σχή-

90 621 217 670 ματι
263 602 325 654 τὸ
379 603 527 672 παρὰ
578 604 710 665 τοὺς
760 604 969 670 νόμους
1020 601 1328 655 ἀποθανεῖν
1373 609 1448 674 τῷ
1495 622 1554 655 τε
1597 599 1600 671 Ι
1651 607 1772 651 RIV
1789 610 1876 651 480
1928 623 1931 626 ’

91 689 504 758 ἀποθνήσκοντι
550 693 736 759 μεῖζον
782 695 862 753 εἰς
910 692 1204 760 συμφορὰν
1251 689 1342 744 καὶ
1389 699 1504 753 τοῖς
1555 694 1785 759 ψηφιζο-
1834 713 1854 743 s

89 778 278 847 μένοις
316 780 567 848 αἰσχύνη,
607 780 655 832 εἰ
693 780 759 832 τὰ
798 787 895 847 τῆς
935 780 1268 849 τυραννίδος
1309 777 1396 832 ε’πὶ
1428 787 1524 847 τῆς
1564 777 1786 832 ἐλευθε-

91 869 214 937 ρίας
251 869 303 920 οἱ
343 868 445 936 μὲν
485 867 767 937 πάσχοιεν,
808 869 861 922 οἱ
896 866 958 921 δὲ
989 878 1260 938 μιμοῖντο.
1301 865 1425 922 ὥστ’
1466 873 1617 937 εἴπερ
1654 868 1787 935 ὑμῖν

90 955 241 1025 μέλει
279 964 377 1009 τοῦ
416 962 679 1026 καθαρῶς
717 957 1013 1026 ἐπανήκειν
1050 958 1153 1025 τὴν
1202 960 1512 1026 πολιτειάν,
1559 956 1650 1010 καὶ
1690 958 1788 1010 τὸν

90 1052 189 1097 τοῦ
230 1045 539 1113 φεύγοντος
578 1048 746 1114 λόγον
784 1045 897 1113 μετ’
945 1046 1165 1109 εὐνοίας
1203 1046 1489 1099 ἀκούσατε.
1815 1068 1855 1099 ιο

201 1133 249 1186 5.
294 1128 463 1203 Οἶμαι
505 1132 554 1187 δ’
600 1135 700 1204 οὐχ
742 1135 1006 1205 ἁμαρτεῖν
1052 1136 1222 1189 εἰπὼν
1269 1136 1342 1198 ὡς
1389 1134 1495 1203 ἐγὼ
1534 1132 1635 1202 μὲν
1672 1155 1787 1188 κιν-

91 1223 307 1276 δυνεύω
347 1222 473 1290 περὶ
513 1231 613 1276 τοῦ
655 1225 921 1293 σώματος,
960 1233 1119 1295 κοινῇ
1159 1224 1222 1278 δὲ
1259 1224 1293 1293 ἡ
1332 1226 1492 1287 πόλις
1529 1222 1654 1292 περὶ
1693 1232 1789 1292 τῆς

92 1310 255 1380 δόξης
292 1310 382 1365 καὶ
422 1320 522 1365 τοῦ
567 1314 805 1382 πότερον
854 1312 1029 1381 αὑτὴν
1076 1315 1162 1367 δεῖ
1208 1314 1396 1367 δοκεῖν
1445 1309 1507 1366 εὗ
1556 1321 1789 1383 φρονεῖν

91 1400 123 1469 ἢ
162 1408 304 1454 νοῦν
349 1401 452 1454 οὐκ
497 1399 658 1471 ἔχειν.
722 1402 909 1471 ἐπειδὴ
959 1403 1063 1471 γὰρ
1112 1402 1213 1472 οὐχ
1263 1403 1445 1471 ὥσπερ
1491 1404 1554 1457 τὸ
1607 1401 1789 1470 λέγειν

91 1489 236 1542 οὕτω
282 1489 374 1542 καὶ
421 1491 482 1543 τὸ
530 1500 857 1560 στρατηγεῖν
905 1490 994 1544 ε’πὶ
1040 1499 1156 1554 τοῖς
1210 1490 1573 1560 βουλομένοις
1621 1490 1787 1559 ἐστίν,
1816 1511 1855 1545 15

91 1577 207 1631 ἀλλ’
256 1577 323 1631 ὃν
368 1578 439 1632 ἂν
484 1580 641 1649 ὑμεῖς
688 1579 893 1648 ἕλησθε
940 1582 1225 1651 κρίναντες
1280 1579 1591 1649 ἐπιτήδειον
1646 1574 1786 1633 εἶναι

90 1668 156 1719 τὰ
193 1668 421 1735 μέγιστα
459 1678 572 1721 τῶν
609 1668 889 1739 ὑμετέρων
923 1671 1171 1739 διοικεῖν,
1212 1665 1375 1732 οὗτος
1406 1668 1788 1722 ἀποδέδεικται

8 1819 12 1822 ,
91 1765 201 1809 τῶν
242 1758 533 1826 δυνάμεων
572 1759 782 1826 κύριος,
823 1759 871 1811 εἰ
910 1755 1012 1827 μὲν
1053 1757 1187 1828 ἐμοῦ
1227 1760 1294 1811 τὰ
1333 1760 1519 1811 δίκαια
1557 1776 1787 1827 παρεχο-

90 1843 263 1912 μένου
309 1847 382 1915 μὴ
429 1848 495 1899 τὰ
542 1844 668 1916 παρ’
715 1847 873 1915 ὑμῶν
920 1845 1307 1916 ἐναντιωθείη,
1358 1854 1435 1920 τῷ
1481 1845 1788 1918 κρινομένῳ

213 1996 265 2035 11
298 1990 546 2047 προοίμιον
579 1992 620 2049 γ’
647 1994 709 2036 Μ

212 2117 235 2154 1
270 2117 490 2155 τοσοῦτον
518 2111 580 2155 Μ
608 2111 690 2155 sed
729 2111 779 2155 in
818 2111 1019 2156 τοσούτω
1061 2126 1162 2156 con·
1192 2112 1276 2168 m²‚
1302 2113 1445 2157 LaVi
1475 2111 1639 2168 Doxap
1690 2112 1696 2167 Ι
1744 2127 1786 2154 τι

92 2169 267 2214 inserui
300 2183 324 2214 e
350 2170 643 2215 LLaViClB
657 2172 725 2215 Va
756 2170 921 2228 Doxap
995 2185 1070 2215 om
1095 2172 1157 2215 M
1186 2172 1277 2216 edd
1422 2177 1447 2216 2
1481 2170 1591 2217 ὅσον
1615 2172 1677 2215 M
1707 2170 1787 2213 sed

92 2244 146 2272 ov
178 2229 228 2272 in
259 2246 293 2272 ω
320 2243 422 2273 corr
443 2229 525 2282 m’,
551 2230 776 2274 LaViVa
807 2231 887 2274 sed
912 2230 962 2274 in
985 2231 1073 2275 hoo
1106 2247 1161 2275 ον
1192 2232 1241 2275 in
1274 2247 1309 2275 ω
1342 2244 1456 2285 corr,
1490 2230 1653 2286 Doxap
1681 2230 1688 2287 Ι
1715 2227 1787 2287 τὸ]

91 2291 155 2345 τῷ
179 2288 230 2333 Ol
256 2289 262 2344 Ι
290 2292 352 2347 τῷ
370 2303 446 2332 om
465 2289 518 2334 Ol
639 2293 664 2332 3
695 2296 788 2333 τῶν
813 2292 1044 2335 δικαστῶν
1067 2289 1244 2335 ἀδίκων
1268 2290 1431 2347 Doxap
1553 2293 1580 2332 4
1613 2288 1786 2346 ἰσχύειν

94 2348 286 2391 δοκοῦσι
312 2349 374 2392 Μ
397 2351 402 2405 Ι
431 2350 540 2392 ante
573 2347 766 2405 σχήματι
796 2362 871 2392 ras
907 2354 928 2392 1
963 2349 1044 2393 litt
1068 2351 1142 2394 La
1276 2355 1301 2393 5
1333 2350 1441 2405 περὶ
1466 2350 1541 2394 La
1553 2350 1620 2394 Va
1647 2350 1654 2404 Ι
1680 2348 1787 2397 τοὺς

93 2419 168 2450 om
195 2408 258 2451 M
294 2409 300 2463 Ι
342 2423 393 2464 γε
418 2408 465 2451 Β
525 2405 567 2450 τ’
603 2406 767 2464 Doxap
891 2413 917 2452 6
951 2409 1016 2459 εἰς
1040 2410 1115 2453 La
1147 2410 1227 2453 sed
1260 2427 1283 2461 ς
1314 2409 1408 2452 add
1438 2424 1471 2452 n
1507 2414 1513 2465 Ι
1541 2406 1698 2463 φορὰν
1732 2407 1788 2451 Vi

213 2470 236 2508 7
272 2461 370 2510 εἶτα
401 2466 566 2523 Doxap
689 2471 715 2510 8
746 2466 1001 2525 πάσχοιντο
1026 2468 1100 2512 La
1114 2469 1170 2513 Vi
1291 2473 1317 2512 9
1350 2467 1499 2524 μέλλει
1521 2468 1596 2512 La
1608 2466 1744 2511 ViVa
1778 2465 1783 2523 Ι

0 2572 1 2576 Ι
90 2531 184 2569 τῶν
217 2527 264 2568 et
297 2530 351 2569 10
382 2522 531 2582 λόγων
555 2526 682 2571 BVa
804 2531 856 2570 11
891 2524 942 2571 δὲ
968 2527 1093 2572 BVa
1135 2531 1141 2585 Ι
1191 2526 1413 2585 ἁμαρτεῖν
1440 2527 1495 2571 Ol
1524 2526 1606 2570 sed
1638 2531 1707 2569 εῖν
1738 2524 1787 2567 in

96 2598 171 2627 ras
202 2584 274 2628 m’
300 2586 305 2639 Ι
334 2582 393 2628 ἂν
424 2587 533 2641 post
564 2584 787 2641 ἁμαρτεῖν
819 2586 945 2630 inser
968 2587 1028 2630 M
1033 2585 1050 2612 ²
1171 2592 1224 2630 13
1258 2586 1404 2643 αὐτὴν
1436 2584 1546 2628 libri
1578 2583 1668 2627 edd

95 2647 149 2686 14
188 2643 240 2687 τὸ
269 2644 322 2689 Gl
357 2644 439 2688 sed
471 2644 495 2688 ὸ
528 2657 585 2689 ex
616 2651 650 2688 ὡ
683 2658 784 2688 corr
813 2645 885 2688 m⁸
1018 2650 1072 2690 15
1103 2653 1240 2690 τοῦτο
1270 2646 1323 2691 Ol
1348 2648 1355 2701 1
1381 2645 1434 2689 τὸ
1459 2645 1536 2689 La
1568 2642 1650 2687 sed
1682 2642 1705 2685 ὸ
1737 2642 1786 2684 in

93 2760 167 2789 ras
191 2748 221 2802 f
273 2761 348 2790 om
366 2748 428 2791 M
547 2753 601 2791 16
629 2746 794 2804 ἕλησθε
818 2748 984 2805 scripsi
1002 2762 1025 2792 e
1043 2749 1181 2794 MLa
1191 2751 1249 2794 Vi
1265 2763 1370 2792 eum
1388 2747 1545 2791 Gasda
1606 2718 1787 2791 ἕλέισθε

103 2805 172 2849 Va
245 2804 426 2851 ἕλοισθε
451 2807 599 2851 LCzB
632 2807 723 2850 edd
868 2812 920 2851 17
956 2806 1100 2859 οὕτως
1130 2809 1242 2852 Fen:
1271 2808 1374 2851 Mor
1517 2810 1570 2849 18
1607 2818 1788 2848 comma

20 2912 22 2914 v
93 2864 230 2920 posui
262 2878 286 2908 e
321 2866 388 2910 Va
464 2867 650 2923 signum
689 2865 1070 2922 interrogationis
1105 2869 1157 2913 ΟΖ
1231 2868 1458 2924 punctum
1490 2865 1672 2910 LMLa
1684 2865 1786 2912 ViB

95 2923 185 2967 edd
309 2929 363 2968 19
395 2925 504 2980 ὑμῖν
530 2927 591 2969 Μ
618 2925 699 2968 sed
732 2941 750 2969 ι
778 2925 827 2968 in
860 2941 895 2969 ω
927 2938 1029 2969 corr
1059 2926 1129 2969 ω’

1343 2998 1428 3041 31*
