2044 3168
855 519 1119 594 «XXXIX.

265 647 576 694 Declamatio
604 646 842 708 inscripta
877 643 1053 708 Φήμη
1086 636 1157 708 ἧν
1190 649 1464 693 συνεῖναι
1495 644 1596 694 τὸν
1628 644 1848 710 πατέρα

153 726 219 789 τῇ
252 728 353 769 τοῦ
386 718 599 779 παιδὸς
637 719 892 785 γυναικί.
937 718 1125 782 νόμον
1167 717 1387 782 ἔθηκεν
1420 717 1446 768 ὅ
1477 717 1666 785 πατὴρ
1701 718 1846 779 ἐξεῖ-

153 813 252 843 ναι
282 793 420 852 τοὺς
450 793 666 852 παῖδας
697 790 976 859 ἀκρίτους
1008 791 1461 842 ἀποκτιννύναι.
1505 793 1711 857 τίθησι
1751 792 1847 842 καὶ

154 865 180 916 ὁ
211 873 350 927 παῖς
374 868 558 932 νόμον
582 866 802 926 ἐξεῖναι
824 866 961 925 τοὺς
987 866 1233 932 μοιχοὺς
1257 865 1538 934 ἀκρίτους
1562 865 1847 916 ἀποκτιν-

158 942 351 1004 νύναι,
376 958 478 1005 qua
499 941 630 989 filius
655 944 848 1003 patrem
871 943 959 1004 qui
982 942 1142 1004 legem
1166 943 1441 1004 pertulerat
1463 944 1523 990 ut
1545 941 1674 990 filios
1699 957 1848 990 causa

154 1017 342 1065 indicta
371 1016 646 1064 interficere
676 1017 848 1064 liceret
876 1017 1033 1078 ipsius
1065 1033 1268 1064 uxorem
1299 1015 1581 1064 adulterare
1614 1016 1847 1064 odoratus

153 1092 313 1154 legem
344 1091 520 1138 suadet
550 1092 607 1138 ut
635 1089 767 1137 idem
804 1092 855 1137 in
889 1090 1140 1138 adulteros
1178 1091 1342 1150 liceat,
1374 1106 1472 1138 non
1502 1091 1666 1138 minus
1699 1106 1848 1152 quam

154 1164 446 1213 antecedens
486 1164 869 1212 admiratoribus
908 1164 1170 1212 facundiae
1203 1164 1508 1213 Libanianae
1553 1167 1698 1228 grata
1736 1165 1846 1212 fuit.

152 1239 330 1301 Itaque
361 1255 459 1287 non
493 1233 750 1300 ‘corporis'
781 1238 962 1286 finibus
995 1240 1208 1287 coercita
1240 1240 1445 1301 mansit,
1486 1238 1570 1288 sed
1610 1240 1761 1286 etiam
1794 1240 1846 1286 in

154 1314 347 1376 eclogas
380 1313 593 1361 transiit.
628 1312 798 1375 Neque
829 1328 1012 1375 parvus
1046 1316 1121 1361 est
1151 1329 1383 1361 numerus
1416 1313 1638 1361 codicum
1666 1313 1845 1375 quibus

154 1387 216 1435 ad
247 1388 374 1435 hanc
407 1390 623 1436 aetatem
653 1389 891 1448 pervenit.

266 1461 396 1509 Sunt
426 1464 594 1509 autem
623 1461 678 1508 hi
711 1463 802 1508 24:

263 1535 454 1598 Incipio
488 1552 516 1584 a
550 1531 942 1598 ‘corporalibus'.

263 1613 313 1657 1.
347 1609 510 1658 Codex
525 1609 1117 1672 Hierosolymitanus
1141 1609 1469 1657 bibliothecae
1493 1610 1845 1672 patriarchalis

154 1683 202 1732 S.
236 1683 442 1732 Crucis
484 1685 551 1732 57
593 1677 688 1749 (=
715 1677 801 1749 Cr)
840 1683 1192 1745 palimpsestus
1234 1699 1356 1732 saec.
1390 1678 1480 1749 XI]
1484 1683 1582 1733 XII
1627 1685 1848 1732 continet

151 1759 272 1806 folio
303 1759 396 1805 ,75ν
419 1757 569 1806 verba
594 1774 639 1818 p.
660 1759 782 1817 299,
803 1760 868 1805 13
894 1764 1036 1806 τοῦτο
1063 1755 1088 1807 ὅ
1113 1758 1268 1822 γάμος
1300 1773 1456 1820 usque
1483 1758 1543 1805 ad
1567 1774 1615 1819 p.
1635 1759 1757 1819 301,
1779 1759 1843 1805 15

151 1829 478 1896 προῦπεμψεν
504 1835 560 1880 -et
589 1832 710 1880 folio
739 1833 827 1879 ’75Ϊ
849 1832 999 1880 verba
1030 1832 1302 1893 sequentia,
1329 1832 1412 1880 sed
1444 1833 1496 1880 in
1520 1833 1614 1880 hoc
1643 1848 1704 1880 ne
1728 1848 1846 1880 voce

154 1906 356 1967 quidem
387 1904 599 1969 ἐμαυτὸν
630 1922 677 1967 p.
705 1907 828 1966 302,
847 1908 877 1954 2
918 1920 1118 1968 prorsus
1159 1909 1363 1968 excepta
1404 1907 1673 1968 quicquam
1713 1909 1845 1954 certo

153 1980 342 2028 dinosci
380 1983 558 2043 potest.
621 1979 747 2027 Vide
777 1983 814 2027 t.
839 1980 884 2026 V
916 1997 961 2042 p.
992 1982 1095 2027 154
1115 1996 1184 2042 sq.
1250 1981 1455 2029 Excussi
1495 1984 1544 2028 et
1585 1996 1713 2042 quae
1746 1981 1846 2043 legi

152 2056 421 2116 potuerunt
453 2054 703 2102 adnotavi.

267 2130 312 2175 2.
356 2128 536 2175 Hiero
549 2128 947 2190 solymitanus
978 2138 981 2141 ’
1001 2128 1333 2176 bibliothecae
1388 2128 1736 2190 patriarchalis
1796 2128 1843 2176 S.

154 2201 428 2263 Sepulcri
449 2204 550 2251 107
572 2195 667 2268 (=
685 2195 904 2268 H)-saec.
923 2202 1040 2250 XIV
1065 2203 1149 2250 fol.
1172 2204 1291 2250 134.
1325 2202 1451 2249 Vide
1468 2206 1503 2250 t.
1522 2203 1565 2246 V
1583 2219 1629 2264 p.
1653 2204 1758 2251 150
1773 2218 1844 2264 sq.

155 2274 369 2325 Contuli.

267 2351 312 2398 3.
338 2349 782 2398 Laurentianus
807 2349 946 2397 LVII
966 2351 1030 2399 21
1061 2365 1185 2399 saec.
1203 2346 1437 2414 XIVJXV
1456 2351 1541 2398 fol.
1563 2352 1683 2400 212.
1717 2350 1843 2397 Vide

153 2426 188 2470 t.
214 2423 259 2469 V
291 2441 339 2485 p.
368 2425 471 2473 158
491 2440 560 2485 sq.
1359 2470 1362 2473 Α

266 2499 312 2544 4.
345 2498 712 2546 Barberinus
743 2497 795 2544 II
827 2499 893 2544 41
936 2513 1064 2546 nunc
1096 2497 1369 2546 Vaticanus
1402 2498 1701 2546 Barberinus
1736 2499 1843 2545 220

155 2564 249 2636 (=
274 2565 341 2636 B)
383 2587 504 2620 saec.
538 2571 629 2618 XV
676 2572 759 2619 fol.
793 2573 939 2620 420¹&
1001 2571 1128 2620 Vide
1174 2574 1210 2619 t.
1243 2572 1268 2618 I
1315 2588 1360 2633 p.
1396 2573 1465 2619 24
1484 2587 1554 2634 sq.
1620 2571 1845 2619 Contulit

154 2661 318 2692 meum
348 2645 400 2692 in
431 2661 574 2693 usum
605 2645 721 2692 Pius
754 2645 967 2693 Franchi
997 2645 1056 2693 de
1090 2645 1375 2694 Cavaleriis.

224 2732 229 2739 ’
268 2718 322 2766 Si
350 2720 515 2766 minus
546 2735 603 2767 ex
633 2719 725 2766 hoc
755 2719 879 2780 ipso,
909 2720 1039 2767 certe
1072 2735 1130 2766 ex
1162 2719 1333 2767 eodem
1364 2719 1500 2767 fonte
1532 2719 1675 2766 fiuxit

268 2793 314 2839 5.
340 2792 784 2840 Escurialensis
801 2789 959 2840 Τ-ΙΙ-
974 2794 1039 2841 15
1060 2786 1188 2859 (151
1209 2793 1513 2857 incatalogo
1538 2785 1841 2857 Milleriano)

155 2880 278 2914 saec.
302 2865 423 2913 XVI
453 2866 536 2914 fol.
562 2867 670 2914 49¹⁷.
718 2866 843 2913 Vide
874 2868 910 2914 t.
938 2866 978 2910 V
1010 2883 1057 2927 p.
1087 2868 1115 2913 7
1137 2882 1206 2929 sq.

267 2939 483 2987 Transeo
517 2940 578 2986 ad
611 2936 936 3003 ‘eclogarios'.

1399 3021 1487 3063 19*
