2014 3158
311 126 500 170 AVARI
532 122 856 170 THESAURO
889 125 1136 169 PRIVATI
1168 125 1564 170 LAMENTATIO
1676 125 1796 194 *735

104 263 194 314 καὶ
241 262 341 330 τὴν
385 263 584 330 ψυχήν.
632 262 698 314 οὐ
747 262 851 329 γὰρ
899 260 1207 327 ἀδάμαντος
1253 256 1404 330 εἶχον
1450 262 1625 330 φύσιν
1671 261 1798 314 οὕτε

105 351 214 419 μὴν
275 351 508 418 σιδήρου
571 351 672 418 τὴν
732 350 917 418 ψυχὴν
979 348 1507 419 ἀπεσφυρηλάτημαι
1569 349 1798 412 ἀπαθῶς

106 437 323 507 ἐνέγκαι
362 439 652 507 τοσαύτην,
693 433 735 491 ὦ
779 440 857 507 Γῆ
897 439 987 491 καὶ
1012 437 1192 506 ”Ι-Ιλιε,
1233 439 1543 508 συμφοράν.

220 526 304 580 17.
353 529 445 590 Τίς
485 527 513 580 ὁ
554 527 724 580 ταῦτά
769 547 834 594 με
881 528 1110 597 δράσας;
1158 529 1267 580 τίνι
1314 529 1374 580 τὸ
1427 529 1645 596 συμβὰν
1683 527 1799 581 ἐπι-

106 616 408 685 γράψομαι;
457 617 576 669 εἴθε
613 623 722 669 ποῦ
764 624 864 685 γῆς
910 614 1062 669 ἐστιν
1102 616 1131 669 ὁ
1171 613 1377 669 κάκιστ’
1426 617 1800 684 ἀπολούμενος
1847 638 1865 669 ⁵

108 704 395 774 ἐπυθόμην
428 706 518 758 καὶ
552 707 873 772 πυθόμενος
903 704 1168 775 κατέσχον
1198 704 1289 759 καὶ
1317 707 1604 775 κατασχὼν
1635 706 1802 768 κυνὸς

108 795 268 862 δίκην
307 803 423 857 τοῖς
463 794 696 848 ὀδοῦσιν
735 792 1012 864 ἐσπάραξα
1050 792 1141 847 καὶ
1182 794 1459 864 σπαράξας
1495 796 1634 861 πρὸς
1673 796 1802 863 βίαν

108 882 413 952 ἀπορρῆξαι
452 885 552 952 τὴν
591 884 777 953 ψυχὴν
815 884 1210 952 παρεσκεύασα.
1250 882 1364 953 τάχ’
1404 880 1474 936 ἂν
1506 883 1667 951 οὕτω,
1697 881 1802 935 κάν

112 967 141 1042 ἧ
181 980 275 1041 τῆς
316 971 468 1036 ἀξίας
507 970 770 1040 ἐλάττων,
819 972 978 1040 δίκην
1028 971 1260 1026 ἀπέτισε.
1327 973 1409 1026 18.
1447 980 1557 1025 ποῦ
1603 992 1698 1041 μοι
1740 972 1800 1024 τὸ

108 1063 373 1115 Πυθικὸν
418 1063 751 1131 χρηστήριον
805 1069 936 1130 νῦν,
991 1061 1064 1124 ὡς
1117 1069 1217 1114 τοῦ
1263 1060 1629 1130 προκειμένου
1674 1059 1800 1130 πέρι
1828 1082 1868 1115 ιο

109 1160 299 1218 σαφῶς
338 1151 807 1222 χρησμῳδήσειενς
847 1148 964 1204 ἀλλ’
1012 1150 1143 1213 ἴσως
1182 1150 1401 1203 κάκεῖνο
1449 1151 1800 1218 λαβυρινθώ-

109 1239 222 1302 δεις
279 1238 469 1308 ἀνήσει
529 1238 618 1292 καὶ
675 1238 868 1303 λοξοὺς
922 1241 1053 1302 τοὺς
1114 1239 1416 1308 χρησμούς,
1478 1233 1614 1309 ᾗπερ
1670 1241 1802 1301 ἔθος

107 1328 264 1399 αὐτῷ.
321 1327 541 1397 μάντεις
594 1327 1052 1398 μετακαλέσομαι,
1100 1329 1192 1381 ἵνα
1238 1324 1477 1397 τάληθὲς
1515 1330 1802 1397 πυθοίμην

108 1417 314 1481 αὐτῶν;
363 1415 505 1484 ἀλλ’,
545 1422 711 1486 οἴμοι,
750 1417 997 1470 κάκεῖνοί
1033 1436 1098 1486 με
1137 1418 1270 1487 πρίν
1310 1437 1360 1469 τι
1398 1415 1488 1469 καὶ
1531 1415 1677 1480 λέξαι
1715 1437 1801 1486 μι-

110 1508 286 1569 σθοὺς
326 1505 725 1576 εἰσπράξονται.
774 1504 879 1574 ἐγὼ
930 1504 989 1559 δὲ
1036 1507 1216 1559 πόθεν
1255 1506 1457 1568 αὐτοὺς
1494 1507 1802 1573 καταθήσο-
1830 1527 1868 1559 15

109 1615 227 1663 μαι;
275 1593 333 1648 ἐκ
380 1604 490 1648 τῶν
536 1595 1013 1666 περιλειφθέντων
1059 1596 1372 1665 χρημάτων;
1420 1592 1539 1647 ἀλλ’
1590 1594 1802 1647 ἀπολώ-

110 1689 273 1737 λασιν
312 1685 539 1737 ἅπαντα.
582 1684 665 1737 19.
697 1687 779 1747 τίς
818 1683 1080 1754 γένωμαις
1119 1694 1216 1738 ποῖ
1254 1684 1563 1754 τράπωμαι;
1603 1689 1803 1736 θανεῖν

111 1772 142 1841 ἣ
182 1782 452 1843 περιεῖναι
499 1773 721 1841 βέλτιον
767 1773 986 1842 ἥγημαι.
1033 1774 1094 1826 τὸ
1140 1781 1312 1826 πᾶσιν
1358 1772 1632 1825 ἀπευκτὸν
1681 1770 1802 1839 ἐμοὶ

110 1863 471 1930 καταθύμιον.
526 1869 687 1916 ποθῶ
744 1862 1161 1916 συναπολέσθαι
1216 1870 1330 1924 τοῖς
1383 1863 1669 1931 χρήμασιν.
1724 1856 1803 1913 ὧν

111 1952 213 2020 γὰρ
255 1953 549 2020 παρόντων
590 1951 694 2019 ἡδύ
733 1972 827 2021 μοι
859 1953 920 2005 τὸ
954 1955 1066 2021 ζῆν,
1105 1960 1218 2014 πῶς
1259 1945 1380 2004 οἶόν
1411 1970 1468 2003 τε
1500 1951 1571 2018 μὴ
1604 1952 1802 2019 παρόν-
1827 1971 1870 2003 20

111 2059 223 2092 των
260 2038 547 2109 περιὶεῖναι
578 2041 909 2108 βούλεσθαι;
949 2041 1016 2094 οὐ
1055 2041 1157 2109 τὴν
1189 2041 1364 2109 φύσιν
1407 2039 1535 2092 ἀνα-
1579 2043 1723 2088 Boiss.
1740 2059 1786 2100 p.
1807 2049 1889 2088 171

111 2137 256 2196 μενῶ
303 2129 364 2181 τὸ
415 2128 568 2191 τέλος
616 2128 951 2198 ἐπάξουσαν,
1006 2129 1145 2182 ἀλλὰ
1191 2129 1281 2181 καὶ
1328 2129 1532 2196 ταύτην
1579 2127 1803 2196 φθάσας

112 2219 213 2286 τὴν
251 2219 510 2286 τελευτὴν
550 2216 811 2286 ἐπίτομον
850 2221 1093 2288 θήσομαι
1142 2217 1347 2287 ἀγχόνῃ
1391 2217 1730 2286 χρησάμενος
1770 2216 1803 2284 ἢ

111 2306 343 2358 κώνειον
389 2307 662 2369 πεπωκώς.
710 2306 743 2375 ἢ
781 2308 1118 2375 βουλόμενός
1166 2327 1247 2369 τις
1295 2306 1566 2368 ἀνακόψαι
1604 2324 1668 2372 με
1709 2313 1803 2373 τῆς

235 2485 256 2523 1
303 2495 369 2535 sq.
403 2481 535 2525 Pind.
577 2482 630 2525 fr.
667 2487 816 2534 123,3
852 2482 978 2527 Schr.
1133 2487 1157 2525 3
1202 2482 1259 2526 cf.
1294 2482 1353 2525 ad
1393 2496 1436 2537 p.
1472 2484 1653 2534 697‚10

117 2544 168 2581 11
203 2539 310 2583 Luc.
335 2540 431 2597 fug.
461 2545 514 2584 10
636 2547 689 2585 21
725 2541 781 2586 cf.
815 2543 874 2586 ad
906 2557 951 2599 p.
978 2546 1121 2597 723‚2

235 2706 259 2743 5
292 2708 385 2744 ποῦ
418 2703 581 2759 scripsi
656 2712 742 2748 ποῖ
763 2706 808 2749 Ρ
836 2705 968 2749 Boiss
1001 2704 1081 2760 qui
1113 2710 1204 2748 ποῦ
1237 2702 1341 2747 coni
1391 2704 1397 2755 Ι
1449 2703 1570 2747 ἔστιν
1596 2703 1641 2746 Ρ
1670 2701 1801 2746 Boiss

235 2763 259 2801 9
287 2760 453 2804 ἐλάττω
472 2763 518 2805 Ρ
573 2776 675 2806 corr
698 2763 829 2807 Boiss
952 2769 1007 2807 10
1031 2764 1138 2818 περὶ
1158 2765 1204 2807 Ρ
1262 2776 1363 2806 corr
1386 2761 1516 2805 Boiss
1640 2766 1694 2804 12
1719 2759 1801 2804 ἀν-

117 2816 216 2871 ήσει
249 2819 412 2874 scripsi
489 2821 632 2878 ἀνῆκε
657 2823 703 2866 Ρ
761 2820 820 2867 ἂν
852 2823 994 2878 ἀνῆκε
1027 2822 1131 2866 coni
1162 2821 1294 2865 Boiss
1442 2825 1494 2864 13
1529 2818 1605 2864 ἵνα
1638 2820 1802 2876 scripsi

174 2877 254 2920 καὶ
279 2878 324 2919 Ρ
352 2877 483 2922 Boiss
534 2883 540 2932 Ι
589 2879 832 2938 πυθοίμην
864 2879 923 2926 ἂν
960 2881 1064 2925 coni
1096 2880 1227 2924 Boiss
1375 2883 1427 2922 18
1467 2879 1668 2936 ἡγοῦμαι
1700 2878 1802 2923 coni

120 2933 247 2979 Boiss
369 2942 424 2980 24
457 2937 734 2996 βουλόμενος
764 2939 833 2990 τίς
857 2942 902 2984 Ρ
960 2954 1060 2984 corr
1092 2939 1222 2983 Boiss
