2044 3168
234 110 339 163 160
817 107 1108 154 GREGORII
1138 107 1339 154 CYPRH

222 247 288 299 τὰ
328 248 596 315 χρήματα;
645 245 746 298 οὐκ
794 238 948 311 οἶμαί
991 258 1052 297 σε
1091 245 1353 313 τοιαύτην
1392 244 1462 296 ἄν
1508 261 1639 296 ποτε
1687 251 1914 312 ποιῆσαι

222 334 453 398 ἀξίωσιν
485 335 563 396 εἰς
594 334 815 387 τοιάνδε
839 335 941 402 τὴν
965 334 1137 403 τύχην
1163 332 1558 401 συνελαθέντα,
1583 332 1917 388 τούναντίον

225 442 286 490 γε
324 423 435 491 μὴν
471 421 563 475 καὶ
615 423 792 486 πάσας
831 421 1055 491 ἀφιέναι
1097 423 1286 491 φωνὰς
1323 429 1418 490 τῆς
1457 431 1557 491 σῆς
1596 419 1917 493 ἐλευθερίας

224 510 487 580 γενέσθαι
514 510 605 564 καὶ
631 512 809 564 πάντα
833 511 1045 582 ῥήματα
1070 513 1394 579 δυσωπῆσαι
1421 511 1701 580 δυνάμενα
1736 509 1917 579 λέγειν

177 603 465 668 εβοῶντα·
513 602 866 669 μνήσθητι,
915 594 957 652 ὦ
1004 597 1157 652 καλε
1205 608 1344 667 παῖ,
1383 600 1639 668 πρώτης
1686 602 1918 668 γεννή-

225 697 533 758 σεως,τῆς
557 691 649 752 είς
675 690 822 741 τόδε
846 689 915 741 τὸ
935 687 1918 759 φῶςπαραγωγῆς,ἀνατροφῆς,

225 778 618 847 σπλάγχνων
657 779 921 846 πατρός,
969 778 1189 830 πόνων
1228 777 1339 840 οὓς
1378 777 1538 844 ὑπὲρ
1580 785 1697 830 σοῦ
1737 797 1919 831 κατε-

223 868 518 934 βαλόμην
555 867 852 928 πολλούς.
892 867 1086 936 πρόες
1124 867 1198 918 τὰ
1236 866 1456 918 πάντα.
1497 868 1774 935 τίμησον
1803 867 1919 934 τὴν

228 956 447 1024 φύσιν.
501 958 662 1023 καλή
701 969 804 1007 σοι
852 956 1195 1023 φιλοτιμία
1233 953 1352 1008 κάν
1391 963 1527 1017 τοῖς
1566 963 1687 1008 νῦν
1727 951 1920 1008 οὖσιν

160 1065 203 1100 ιο
228 1042 606 1113 ἀνθρώποις
644 1043 763 1096 κάν
801 1053 937 1106 τοῖς
974 1044 1131 1110 μετὰ
1176 1051 1402 1111 ταῦτα,
1443 1042 1521 1096 ἂν
1560 1044 1920 1112 ἀφειδήσας

227 1133 571 1202 χρημάτων
618 1132 1018 1202 ἀνακομίσῃς
1066 1139 1282 1203 σαυτῷ
1321 1133 1434 1185 τὸν
1484 1131 1738 1202 πατέρα.
1795 1131 1919 1201 ἐγώ,

226 1231 341 1289 παῖ,
379 1222 453 1275 τὰ
491 1219 624 1275 κατ’
661 1221 885 1284 οἴκους
924 1219 1329 1290 ἐπορισάμην
1366 1222 1473 1274 καὶ
1513 1219 1592 1274 δι’
1631 1220 1738 1288 ἐμὲ
1777 1221 1921 1274 ἀπι-

229 1313 386 1364 όντα
439 1311 811 1373 ἀνασωθεὶς
858 1309 1290 1379 ἀνασώσομαι.
1352 1306 1447 1362 ἔτι
1510 1311 1627 1379 γὰρ
1690 1319 1921 1363 πονεῖν

230 1401 512 1467 δύναμαι
567 1401 673 1453 καὶ
712 1407 822 1468 τῆς
862 1398 1088 1468 τέχνης
1138 1399 1218 1461 ὡς
1265 1400 1364 1451 δεῖ
1404 1399 1751 1466 συλλέγειν
1806 1400 1922 1453 οὐκ

162 1509 204 1543 ι5
229 1486 672 1557 ἐπιλέλησμαι.
741 1487 827 1540 38.
874 1486 1024 1541 ταῦτ’
1071 1486 1141 1540 ἂν
1180 1483 1349 1555 εἶπες,
1399 1497 1587 1556 σαφῶς
1634 1482 1783 1556 οἶδα,
1830 1487 1921 1541 καὶ

226 1575 310 1630 ἔτι
365 1580 531 1631 πλείω
593 1578 966 1647 ποριμώτερος
1020 1578 1098 1638 εἰς
1147 1579 1346 1644 λόγους
1402 1584 1608 1629 σαυτοῦ
1663 1577 1771 1631 ὑπὸ
1827 1586 1922 1646 τῆς

228 1667 471 1736 ἀνάγκης
516 1666 834 1735 ἀναφανείς.
881 1665 985 1719 κᾶν
1034 1662 1135 1732 μὲν
1181 1667 1479 1734 πρόθυμον
1519 1658 1661 1728 εἶδες
1701 1665 1922 1719 ἐλευθε-

229 1763 396 1824 ροῦν,
452 1757 741 1825 πρόθυμος
785 1753 878 1807 καὶ
938 1754 1104 1817 αὐτὸς
1157 1762 1269 1807 πᾶν
1309 1754 1433 1822 ὅ,τι
1483 1756 1655 1808 καλὸν
1710 1754 1922 1824 ἐπηύξω

231 1844 496 1913 γενέσθαι
549 1864 667 1912 μοι,
731 1843 800 1896 ἂν
856 1841 904 1897 δ’
964 1842 1272 1911 ἀμελοῦντα
1329 1841 1421 1896 καὶ
1474 1844 1652 1896 πάντα
1713 1847 1924 1909 μᾶλλον

163 1954 208 1988 20
233 1934 613 2004 σκοπούμενον
645 1933 906 2004 πράττειν
936 1933 970 2002 ἢ
1001 1936 1096 1986 σοί
1123 1953 1183 2001 γε
1213 1932 1523 2003 προσέχειν,
1554 1931 1807 2002 ἐπηράσω
1842 1933 1924 1985 δι-

232 2026 401 2085 καίως
450 2021 540 2075 καὶ
594 2027 806 2076 θᾶττον
860 2023 956 2085 τὰς
1001 2020 1255 2092 Ἐριννῦς
1308 2021 1511 2093 ᾔτησας
1564 2019 1775 2074 ἐπιέναι
1828 2041 1923 2090 μοι

233 2112 521 2181 τιμωρούς.
577 2111 718 2164 ὅπου
775 2108 835 2164 δὲ
889 2112 1007 2163 τότε
1061 2109 1212 2164 ταῦτ’
1259 2109 1327 2163 ἂν
1380 2111 1613 2179 βεβαίως
1667 2108 1925 2172 διετέλεις

234 2200 489 2267 πράττων
535 2198 625 2252 καὶ
674 2198 874 2267 λέγων,
929 2196 1075 2267 ἦπου
1122 2200 1313 2268 χάριεν
1359 2198 1429 2251 ἂν
1475 2194 1544 2266 ἣν
1589 2199 1661 2266 μὴ
1710 2197 1772 2251 ἐν
1808 2208 1924 2260 τοῖς

237 2287 447 2354 ὁμοίοις
501 2289 603 2356 τὴν
649 2288 822 2356 αὐτὴν
876 2289 1103 2357 γνώμην
1148 2296 1337 2358 τηρεῖν
1392 2285 1529 2356 μηδὲ
1575 2289 1924 2356 παραπλήσια

167 2397 212 2432 25
237 2379 451 2445 κρίνειν
511 2377 815 2445 αἱρεῖσθαι;
885 2375 971 2428 39.
1019 2376 1104 2429 ὅτι
1166 2373 1219 2429 δ’
1275 2377 1436 2445 ὅμοια
1497 2368 1581 2438 οἷς
1639 2373 1926 2443 ὑπεθέμην

237 2467 303 2518 τὰ
363 2464 738 2533 πεπραγμένα,
799 2468 977 2535 πολλῇ
1039 2484 1150 2518 τινι
1211 2464 1462 2536 ῥᾳστώνῃ
1534 2461 1740 2527 ἐξέσται
1804 2479 1927 2516 σκο-

237 2562 378 2606 πεῖν.
416 2551 508 2606 καὶ
545 2553 651 2623 γὰρ
694 2555 763 2605 σὺ
802 2549 902 2621 μὲν
941 2551 1087 2623 ᾤχου
1128 2555 1229 2622 τὴν
1268 2551 1356 2606 ἐπὶ
1394 2553 1666 2620 θάνατον,
1717 2549 1822 2619 ἐγὼ
1864 2551 1926 2603 δὲ

236 2643 658 2711 περιελειπόμην
704 2640 949 2694 ἐνταῦθα
994 2649 1187 2710 κτῆσιν
1233 2640 1374 2711 ἔχων
1419 2643 1624 2710 μυρίαν
1666 2639 1756 2692 καὶ
1796 2642 1925 2708 χρή-

360 2806 382 2843 1
417 2799 477 2845 ἄν
500 2800 677 2844 inserui
737 2814 813 2844 om
829 2800 921 2843 LV
1107 2802 1191 2858 μὲν
1223 2799 1308 2846 οὖν
1333 2803 1377 2846 L
1408 2800 1489 2844 sed
1517 2816 1566 2856 γε
1591 2799 1682 2865 μὴν
1712 2799 1760 2842 in
1792 2812 1925 2855 marg

239 2858 310 2903 m'l
431 2863 485 2902 10
510 2867 769 2914 μεταταῦτα
793 2861 892 2904 LV
1006 2865 1060 2904 14
1083 2860 1243 2918 τέχνης
1260 2859 1444 2920 <τοῦ>ἱ>
1566 2864 1621 2902 25
1647 2857 1831 2914 signum
1855 2858 1924 2900 in-

238 2919 569 2976 terrogationis
600 2919 735 2975 posui
795 2921 1020 2974 punctum
1045 2921 1088 2964 L
1131 2879 1283 2964 xoolon
1316 2920 1360 2964 V

2036 3 2042 71 Ξ

2040 149 2044 158 »

2038 170 2044 216 ἶ

2040 221 2044 230 .
