2044 3168
118 116 201 161 AD
233 116 732 163 ANTECEDENTEM
763 117 1291 163 DECLAMATIONEM
1323 118 1654 164 ANTILOGIA
1708 118 1813 170 179

119 252 290 316 ὅπως
351 251 662 318 ἀνέξεται.
726 258 879 323 λῆγε
941 261 1104 323 γοῦν
1164 252 1399 324 ἔριδος.
1462 255 1654 324 χάριν
1714 251 1816 324 ἔχε

118 352 257 405 τοῖς
295 343 641 411 κρείττοσι.
681 343 760 412 μὴ
795 341 1190 413 δυσχέραινε
1228 351 1342 396 τοῦ
1384 342 1816 413 ἀναθήματος.
1900 347 1903 350 ’

119 427 290 501 ἔχεις
327 433 396 485 τὸ
433 435 654 500 μεῖζον
694 431 978 501 ἐκεῖθεν,
1018 433 1134 501 τὴν
1166 435 1498 502 σωτηρίαν
1535 431 1640 485 καὶ
1679 430 1818 500 μετ’

120 519 318 588 αὐτῆς
363 521 478 574 τὸν
524 522 725 575 παῖδα
771 522 886 574 τὸν
933 523 1148 574 καλόν.
1202 522 1395 591 χάριν
1440 518 1543 591 ἔχε
1589 519 1694 574 καὶ
1742 528 1823 593 τῷ

118 609 303 662 παιδὶ
359 602 455 673 οἷς
510 624 626 664 σου
681 611 1119 679 κραταιότατα
1174 609 1567 679 ἀντελάβετο
1624 629 1818 679 φερο-
1864 631 1883 664 5

120 696 319 767 μένου
375 697 481 751 καὶ
538 697 766 769 στέργε
827 697 931 752 καὶ
994 702 1408 769 κληρονόμον
1469 699 1651 752 κάλει
1713 697 1816 751 καὶ

121 789 545 857 γηροτρόφον
598 785 703 840 καὶ
750 788 1077 857 κηδεμόνα
1123 785 1229 840 καὶ
1285 790 1444 856 ζωῆς
1495 788 1818 858 πρύτανιν

122 874 225 928 καὶ
264 884 391 929 πᾶν
430 876 486 944 ὅ,
535 897 594 929 τι
641 875 995 930 κάλλιστον
1043 877 1260 944 ὄνομα.
1334 876 1417 928 73.
1455 873 1619 930 ταῦθ’
1665 876 1819 944 ὑμεῖς

121 965 258 1035 πρὸς
305 965 500 1034 αὐτόν,
551 962 591 1018 ὦ
649 966 871 1036 ἄνδρες,
928 967 975 1019 εἰ
1014 965 1086 1035 μὴ
1128 964 1337 1020 ἀδικῶν
1378 967 1670 1035 φαίνομαι,
1725 964 1817 1019 καὶ

121 1056 357 1121 πείσετε,
414 1063 603 1123 σαφῶς
650 1048 801 1122 οἶδα,
854 1053 1061 1124 πατέρα
1108 1073 1166 1107 τε
1221 1055 1354 1107 ὄντα
1399 1052 1489 1107 καὶ
1537 1063 1600 1125 τῆ
1650 1055 1816 1125 φύσει
1842 1077 1884 1109 ιο

123 1142 485 1211 δουλεύοντα,
532 1143 637 1196 κᾶν
674 1144 931 1213 μυριάκις
969 1142 1245 1214 ἀγανακτῇ
1291 1142 1396 1196 κᾶν
1443 1142 1737 1214 ὀργίζηται.
1782 1144 1815 1213 ἡ

122 1233 226 1302 γὰρ
266 1231 500 1302 ὑμετέρα
539 1240 726 1302 ψῆφος
759 1231 986 1286 ἐνθεῖσα
1019 1241 1229 1301 γνῶσιν
1261 1233 1409 1305 αὐτῷ
1448 1241 1547 1286 τοῦ
1580 1235 1816 1302 δικαίου,

122 1323 368 1389 λαβοῦσα
395 1318 455 1374 δὲ
485 1322 576 1375 καὶ
607 1323 708 1391 τὴν
740 1323 916 1393 φύσιν
947 1321 1252 1391 συνέριθον
1284 1321 1488 1393 ῥᾳδίως
1518 1320 1626 1385 ἕξει
1656 1341 1815 1375 κατα-

121 1416 288 1480 πειθῆ
328 1411 419 1464 καὶ
451 1412 849 1480 καταναγκάσει
879 1410 1162 1482 περιέπειν
1191 1409 1281 1464 καὶ
1315 1407 1482 1475 αὖθις
1514 1412 1612 1465 τὸν
1646 1412 1817 1465 παῖδα

122 1497 213 1552 καὶ
253 1499 504 1571 στέργειν
551 1501 624 1564 ὡς
670 1499 762 1554 καὶ
808 1501 915 1572 πρὸ
963 1508 1063 1554 τοῦ
1110 1501 1212 1570 τὴν
1259 1500 1433 1570 ὀργὴν
1483 1502 1560 1563 εἰς
1599 1500 1818 1570 ἀγάπην
1842 1522 1883 1556 15

121 1590 610 1659 μεταμειψάμενον.

242 1755 267 1794 2
300 1757 361 1795 τῶ
394 1750 620 1807 κρείττονι
656 1753 699 1797 V
815 1756 868 1795 15
901 1758 1076 1808 προτοῦ
1102 1753 1200 1796 LV

1371 3011 1455 3055 12‘
