<?xml version="1.0" encoding="UTF-8"?>
<!DOCTYPE html PUBLIC "-//W3C//DTD XHTML 1.0 Transitional//EN"
    "http://www.w3.org/TR/xhtml1/DTD/xhtml1-transitional.dtd">
<html xmlns="http://www.w3.org/1999/xhtml" xml:lang="en" lang="en">
 <head>
  <title>
</title>
<meta http-equiv="Content-Type" content="text/html;charset=utf-8" />
  <meta name='ocr-system' content='tesseract 3.04.00' />
  <meta name='ocr-capabilities' content='ocr_page ocr_carea ocr_par ocr_line ocrx_word'/>
</head>
<body>
  <div class='ocr_page' id='page_1' title='image "./operarecensuitri07libauoft_0011.png"; bbox 0 0 1986 3158; ppageno 0'>
   <div class='ocr_carea' id='block_1_1' title="bbox 799 76 1830 148">
    <p class='ocr_par' dir='ltr' id='par_1_1' title="bbox 799 76 1830 148">
     <span class='ocr_line' id='line_1_1' title="bbox 799 76 1830 148; baseline 0.002 -2"><span class='ocrx_word' id='word_1_1' title='bbox 799 76 1141 147; x_wconf 75' lang='lat' dir='ltr'><strong>PRAEFATio</strong></span> <span class='ocrx_word' id='word_1_2' title='bbox 1767 105 1830 148; x_wconf 71' lang='lat' dir='ltr'><strong>JX</strong></span> 
     </span>
    </p>
   </div>
   <div class='ocr_carea' id='block_1_2' title="bbox 104 243 1835 2972">
    <p class='ocr_par' dir='ltr' id='par_1_2' title="bbox 104 243 1835 2972">
     <span class='ocr_line' id='line_1_2' title="bbox 137 243 1831 308; baseline -0.001 -15"><span class='ocrx_word' id='word_1_3' title='bbox 137 246 410 308; x_wconf 89' lang='lat' dir='ltr'><strong>Daphnaeo</strong></span> <span class='ocrx_word' id='word_1_4' title='bbox 443 243 700 293; x_wconf 84' lang='lat' dir='ltr'><strong>combusto</strong></span> <span class='ocrx_word' id='word_1_5' title='bbox 732 259 763 291; x_wconf 86' lang='lat' dir='ltr'><strong>a</strong></span> <span class='ocrx_word' id='word_1_6' title='bbox 793 243 1002 291; x_wconf 88' lang='lat' dir='ltr'><strong>Libanio</strong></span> <span class='ocrx_word' id='word_1_7' title='bbox 1036 244 1222 305; x_wconf 87' lang='lat' dir='ltr'><strong>scripta</strong></span> <span class='ocrx_word' id='word_1_8' title='bbox 1262 243 1312 290; x_wconf 89' lang='lat' dir='ltr'><strong>in</strong></span> <span class='ocrx_word' id='word_1_9' title='bbox 1353 243 1482 291; x_wconf 90' lang='lat' dir='ltr'><strong>hunc</strong></span> <span class='ocrx_word' id='word_1_10' title='bbox 1521 244 1723 292; x_wconf 90' lang='lat' dir='ltr'><strong>modum</strong></span> <span class='ocrx_word' id='word_1_11' title='bbox 1762 246 1831 292; x_wconf 95' lang='grc'><strong>10-</strong></span> 
     </span>
     <span class='ocr_line' id='line_1_3' title="bbox 138 306 1831 382; baseline 0 -15"><span class='ocrx_word' id='word_1_12' title='bbox 138 322 364 382; x_wconf 75' lang='lat' dir='ltr'><strong>quitur-2,</strong></span> <span class='ocrx_word' id='word_1_13' title='bbox 367 319 488 380; x_wconf 84' lang='grc'>1)611</span> <span class='ocrx_word' id='word_1_14' title='bbox 505 317 947 381; x_wconf 76' lang='lat' dir='ltr'><strong>ungewohnlichen</strong></span> <span class='ocrx_word' id='word_1_15' title='bbox 963 306 1728 380; x_wconf 75' lang='lat' dir='ltr'><strong>Uberlieferungsverhaltnissen</strong></span> <span class='ocrx_word' id='word_1_16' title='bbox 1755 319 1831 367; x_wconf 90' lang='lat' dir='ltr'><strong>bei</strong></span> 
     </span>
     <span class='ocr_line' id='line_1_4' title="bbox 138 391 1832 455; baseline 0 -14"><span class='ocrx_word' id='word_1_17' title='bbox 138 395 224 441; x_wconf 89' lang='lat' dir='ltr'><strong>der</strong></span> <span class='ocrx_word' id='word_1_18' title='bbox 261 394 554 441; x_wconf 79' lang='lat' dir='ltr'><strong>beriihmten</strong></span> <span class='ocrx_word' id='word_1_19' title='bbox 593 392 823 440; x_wconf 86' lang='lat' dir='ltr'><strong>Monodie</strong></span> <span class='ocrx_word' id='word_1_20' title='bbox 864 392 955 439; x_wconf 89' lang='lat' dir='ltr'><strong>auf</strong></span> <span class='ocrx_word' id='word_1_21' title='bbox 989 391 1081 439; x_wconf 89' lang='lat' dir='ltr'><strong>den</strong></span> <span class='ocrx_word' id='word_1_22' title='bbox 1114 391 1281 439; x_wconf 82' lang='lat' dir='ltr'><strong>B1and</strong></span> <span class='ocrx_word' id='word_1_23' title='bbox 1323 391 1406 440; x_wconf 91' lang='lat' dir='ltr'><strong>des</strong></span> <span class='ocrx_word' id='word_1_24' title='bbox 1437 392 1832 455; x_wconf 89' lang='lat' dir='ltr'><strong>Apollotempels</strong></span> 
     </span>
     <span class='ocr_line' id='line_1_5' title="bbox 137 459 1832 532; baseline -0.001 -16"><span class='ocrx_word' id='word_1_25' title='bbox 137 468 261 516; x_wconf 86' lang='lat' dir='ltr'><strong>wird</strong></span> <span class='ocrx_word' id='word_1_26' title='bbox 294 467 372 515; x_wconf 88' lang='lat' dir='ltr'><strong>die</strong></span> <span class='ocrx_word' id='word_1_27' title='bbox 406 466 636 530; x_wconf 86' lang='lat' dir='ltr'><strong>Ausgabe</strong></span> <span class='ocrx_word' id='word_1_28' title='bbox 671 459 767 532; x_wconf 86' lang='lat' dir='ltr'><strong>(IV</strong></span> <span class='ocrx_word' id='word_1_29' title='bbox 792 465 839 514; x_wconf 84' lang='lat' dir='ltr'><strong>S.</strong></span> <span class='ocrx_word' id='word_1_30' title='bbox 870 459 999 532; x_wconf 84' lang='lat'>298)</span> <span class='ocrx_word' id='word_1_31' title='bbox 1031 465 1171 513; x_wconf 90' lang='lat' dir='ltr'><strong>nicht</strong></span> <span class='ocrx_word' id='word_1_32' title='bbox 1201 466 1415 529; x_wconf 88' lang='lat' dir='ltr'><strong>gerecht.</strong></span> <span class='ocrx_word' id='word_1_33' title='bbox 1464 465 1542 514; x_wconf 89' lang='lat' dir='ltr'><strong>Da</strong></span> <span class='ocrx_word' id='word_1_34' title='bbox 1575 467 1652 515; x_wconf 90' lang='lat' dir='ltr'><strong>die</strong></span> <span class='ocrx_word' id='word_1_35' title='bbox 1685 466 1832 515; x_wconf 89' lang='lat' dir='ltr'><strong>Liba-</strong></span> 
     </span>
     <span class='ocr_line' id='line_1_6' title="bbox 138 539 1832 603; baseline 0 -14"><span class='ocrx_word' id='word_1_36' title='bbox 138 540 622 591; x_wconf 85' lang='lat' dir='ltr'><strong>nioshandschriften</strong></span> <span class='ocrx_word' id='word_1_37' title='bbox 646 540 754 588; x_wconf 88' lang='lat' dir='ltr'><strong>hier</strong></span> <span class='ocrx_word' id='word_1_38' title='bbox 776 557 873 588; x_wconf 94' lang='lat' dir='ltr'><strong>nur</strong></span> <span class='ocrx_word' id='word_1_39' title='bbox 896 540 975 588; x_wconf 91' lang='lat' dir='ltr'><strong>die</strong></span> <span class='ocrx_word' id='word_1_40' title='bbox 1000 540 1154 589; x_wconf 81' lang='lat' dir='ltr'>durch</span> <span class='ocrx_word' id='word_1_41' title='bbox 1178 540 1210 587; x_wconf 87' lang='lat' dir='ltr'><strong>J</strong></span> <span class='ocrx_word' id='word_1_42' title='bbox 1213 540 1428 589; x_wconf 89' lang='lat' dir='ltr'><strong>ohannes</strong></span> <span class='ocrx_word' id='word_1_43' title='bbox 1457 539 1832 603; x_wconf 84' lang='lat' dir='ltr'><strong>Chrysostomos</strong></span> 
     </span>
     <span class='ocr_line' id='line_1_7' title="bbox 140 607 1832 683; baseline 0 -20"><span class='ocrx_word' id='word_1_44' title='bbox 140 610 238 683; x_wconf 81' lang='lat' dir='ltr'><strong>(De</strong></span> <span class='ocrx_word' id='word_1_45' title='bbox 269 631 305 664; x_wconf 92' lang='lat' dir='ltr'><strong>s</strong></span> <span class='ocrx_word' id='word_1_46' title='bbox 337 615 532 677; x_wconf 80' lang='lat' dir='ltr'><strong>Babyla</strong></span> <span class='ocrx_word' id='word_1_47' title='bbox 566 616 615 661; x_wconf 89' lang='lat' dir='ltr'><strong>et</strong></span> <span class='ocrx_word' id='word_1_48' title='bbox 646 615 819 663; x_wconf 90' lang='lat' dir='ltr'><strong>contra</strong></span> <span class='ocrx_word' id='word_1_49' title='bbox 848 607 1123 680; x_wconf 80' lang='lat' dir='ltr'><strong>Iulianum)</strong></span> <span class='ocrx_word' id='word_1_50' title='bbox 1156 614 1505 662; x_wconf 79' lang='lat' dir='ltr'><strong>fiberlieferten</strong></span> <span class='ocrx_word' id='word_1_51' title='bbox 1537 616 1832 679; x_wconf 83' lang='lat' dir='ltr'><strong>Fragmente</strong></span> 
     </span>
     <span class='ocr_line' id='line_1_8' title="bbox 139 687 1833 749; baseline -0.001 -11"><span class='ocrx_word' id='word_1_52' title='bbox 139 688 619 749; x_wconf 85' lang='lat' dir='ltr'><strong>zusammenstellen‚</strong></span> <span class='ocrx_word' id='word_1_53' title='bbox 665 688 875 736; x_wconf 85' lang='lat' dir='ltr'><strong>mussten</strong></span> <span class='ocrx_word' id='word_1_54' title='bbox 905 687 1294 737; x_wconf 85' lang='lat' dir='ltr'><strong>Handschriften</strong></span> <span class='ocrx_word' id='word_1_55' title='bbox 1333 689 1418 736; x_wconf 91' lang='lat' dir='ltr'><strong>des</strong></span> <span class='ocrx_word' id='word_1_56' title='bbox 1457 688 1708 738; x_wconf 88' lang='lat' dir='ltr'><strong>Johannes</strong></span> <span class='ocrx_word' id='word_1_57' title='bbox 1753 707 1833 737; x_wconf 91' lang='lat' dir='ltr'><strong>zu-</strong></span> 
     </span>
     <span class='ocr_line' id='line_1_9' title="bbox 139 762 1834 829; baseline 0.001 -18"><span class='ocrx_word' id='word_1_58' title='bbox 139 763 325 829; x_wconf 88' lang='lat' dir='ltr'><strong>grunde</strong></span> <span class='ocrx_word' id='word_1_59' title='bbox 364 763 531 827; x_wconf 87' lang='lat' dir='ltr'><strong>gelegt</strong></span> <span class='ocrx_word' id='word_1_60' title='bbox 569 762 787 823; x_wconf 84' lang='lat' dir='ltr'><strong>werden3</strong></span> <span class='ocrx_word' id='word_1_61' title='bbox 834 763 886 809; x_wconf 82' lang='lat' dir='ltr'><strong>F.</strong></span> <span class='ocrx_word' id='word_1_62' title='bbox 920 763 1050 811; x_wconf 88' lang='lat' dir='ltr'><strong>zieht</strong></span> <span class='ocrx_word' id='word_1_63' title='bbox 1096 779 1192 810; x_wconf 91' lang='lat' dir='ltr'><strong>nur</strong></span> <span class='ocrx_word' id='word_1_64' title='bbox 1230 763 1428 811; x_wconf 87' lang='lat' dir='ltr'><strong>Drucke</strong></span> <span class='ocrx_word' id='word_1_65' title='bbox 1468 764 1551 812; x_wconf 91' lang='lat' dir='ltr'><strong>des</strong></span> <span class='ocrx_word' id='word_1_66' title='bbox 1583 764 1834 812; x_wconf 84' lang='lat' dir='ltr'><strong>Johannes</strong></span> 
     </span>
     <span class='ocr_line' id='line_1_10' title="bbox 139 827 1833 902; baseline 0 -16"><span class='ocrx_word' id='word_1_67' title='bbox 139 839 304 898; x_wconf 83' lang='lat' dir='ltr'><strong>heran,</strong></span> <span class='ocrx_word' id='word_1_68' title='bbox 338 837 646 886; x_wconf 88' lang='lat' dir='ltr'><strong>verzeichnet</strong></span> <span class='ocrx_word' id='word_1_69' title='bbox 678 837 796 884; x_wconf 91' lang='lat' dir='ltr'><strong>aber</strong></span> <span class='ocrx_word' id='word_1_70' title='bbox 819 836 897 884; x_wconf 91' lang='lat' dir='ltr'><strong>die</strong></span> <span class='ocrx_word' id='word_1_71' title='bbox 923 838 1119 886; x_wconf 86' lang='lat' dir='ltr'><strong>wertlos</strong></span> <span class='ocrx_word' id='word_1_72' title='bbox 1099 853 1148 885; x_wconf 71' lang='lat' dir='ltr'><strong>se</strong></span> <span class='ocrx_word' id='word_1_73' title='bbox 1173 827 1554 902; x_wconf 83' lang='lat' dir='ltr'><strong>Uberlieferung</strong></span> <span class='ocrx_word' id='word_1_74' title='bbox 1578 838 1664 886; x_wconf 90' lang='grc'>(161</span> <span class='ocrx_word' id='word_1_75' title='bbox 1687 837 1833 886; x_wconf 87' lang='lat' dir='ltr'><strong>Liba·</strong></span> 
     </span>
     <span class='ocr_line' id='line_1_11' title="bbox 138 911 1834 976; baseline 0.001 -17"><span class='ocrx_word' id='word_1_76' title='bbox 138 911 641 971; x_wconf 83' lang='lat' dir='ltr'><strong>nioshandschriften,</strong></span> <span class='ocrx_word' id='word_1_77' title='bbox 673 927 771 959; x_wconf 90' lang='lat' dir='ltr'><strong>von</strong></span> <span class='ocrx_word' id='word_1_78' title='bbox 803 911 889 959; x_wconf 92' lang='lat' dir='ltr'><strong>der</strong></span> <span class='ocrx_word' id='word_1_79' title='bbox 921 913 1000 959; x_wconf 94' lang='lat' dir='ltr'><strong>ein</strong></span> <span class='ocrx_word' id='word_1_80' title='bbox 1038 927 1163 973; x_wconf 88' lang='lat' dir='ltr'><strong>paar</strong></span> <span class='ocrx_word' id='word_1_81' title='bbox 1193 911 1384 960; x_wconf 88' lang='lat' dir='ltr'><strong>Proben</strong></span> <span class='ocrx_word' id='word_1_82' title='bbox 1419 915 1608 976; x_wconf 78' lang='lat' dir='ltr'><strong>geniigt</strong></span> <span class='ocrx_word' id='word_1_83' title='bbox 1645 913 1834 973; x_wconf 69' lang='lat' dir='ltr'><strong>hatten</strong></span> 
     </span>
     <span class='ocr_line' id='line_1_12' title="bbox 140 985 1834 1047; baseline 0 -13"><span class='ocrx_word' id='word_1_84' title='bbox 140 986 464 1034; x_wconf 78' lang='lat' dir='ltr'><strong>ausfiihrlich.</strong></span> <span class='ocrx_word' id='word_1_85' title='bbox 488 986 595 1033; x_wconf 87' lang='lat' dir='ltr'><strong>Der</strong></span> <span class='ocrx_word' id='word_1_86' title='bbox 606 985 731 1033; x_wconf 83' lang='lat' dir='ltr'><strong>Text</strong></span> <span class='ocrx_word' id='word_1_87' title='bbox 747 1001 852 1034; x_wconf 87' lang='lat' dir='ltr'><strong>war</strong></span> <span class='ocrx_word' id='word_1_88' title='bbox 869 985 1341 1047; x_wconf 86' lang='lat' dir='ltr'><strong>dementsprechend</strong></span> <span class='ocrx_word' id='word_1_89' title='bbox 1357 987 1498 1034; x_wconf 89' lang='lat' dir='ltr'><strong>nicht</strong></span> <span class='ocrx_word' id='word_1_90' title='bbox 1513 987 1834 1047; x_wconf 81' lang='lat' dir='ltr'><strong>fortlaufend‚</strong></span> 
     </span>
     <span class='ocr_line' id='line_1_13' title="bbox 138 1057 1833 1124; baseline 0 -15"><span class='ocrx_word' id='word_1_91' title='bbox 138 1060 347 1109; x_wconf 86' lang='lat' dir='ltr'><strong>sondern</strong></span> <span class='ocrx_word' id='word_1_92' title='bbox 382 1061 454 1108; x_wconf 91' lang='lat' dir='ltr'><strong>als</strong></span> <span class='ocrx_word' id='word_1_93' title='bbox 487 1060 1039 1124; x_wconf 86' lang='lat' dir='ltr'><strong>Fragmentsammlung</strong></span> <span class='ocrx_word' id='word_1_94' title='bbox 1071 1076 1131 1107; x_wconf 91' lang='lat' dir='ltr'><strong>zu</strong></span> <span class='ocrx_word' id='word_1_95' title='bbox 1162 1057 1424 1109; x_wconf 82' lang='lat' dir='ltr'><strong>drucken.“</strong></span> <span class='ocrx_word' id='word_1_96' title='bbox 1480 1059 1688 1109; x_wconf 83' lang='lat' dir='ltr'><strong>Silentio</strong></span> <span class='ocrx_word' id='word_1_97' title='bbox 1726 1077 1833 1122; x_wconf 86' lang='lat' dir='ltr'><strong>pre-</strong></span> 
     </span>
     <span class='ocr_line' id='line_1_14' title="bbox 137 1134 1834 1198; baseline 0 -16"><span class='ocrx_word' id='word_1_98' title='bbox 137 1136 230 1182; x_wconf 88' lang='lat' dir='ltr'><strong>mit</strong></span> <span class='ocrx_word' id='word_1_99' title='bbox 261 1150 361 1182; x_wconf 94' lang='lat' dir='ltr'><strong>non</strong></span> <span class='ocrx_word' id='word_1_100' title='bbox 393 1135 554 1183; x_wconf 91' lang='lat' dir='ltr'><strong>solum</strong></span> <span class='ocrx_word' id='word_1_101' title='bbox 584 1134 711 1182; x_wconf 91' lang='lat' dir='ltr'><strong>illud</strong></span> <span class='ocrx_word' id='word_1_102' title='bbox 744 1150 774 1182; x_wconf 90' lang='lat' dir='ltr'><strong>a</strong></span> <span class='ocrx_word' id='word_1_103' title='bbox 803 1150 883 1182; x_wconf 89' lang='lat' dir='ltr'><strong>me</strong></span> <span class='ocrx_word' id='word_1_104' title='bbox 913 1136 1075 1197; x_wconf 89' lang='lat' dir='ltr'><strong>primo</strong></span> <span class='ocrx_word' id='word_1_105' title='bbox 1108 1149 1212 1182; x_wconf 89' lang='lat' dir='ltr'><strong>esse</strong></span> <span class='ocrx_word' id='word_1_106' title='bbox 1245 1136 1521 1198; x_wconf 87' lang='lat' dir='ltr'><strong>cognitum,</strong></span> <span class='ocrx_word' id='word_1_107' title='bbox 1567 1134 1649 1183; x_wconf 90' lang='lat' dir='ltr'><strong>sed</strong></span> <span class='ocrx_word' id='word_1_108' title='bbox 1682 1135 1834 1183; x_wconf 89' lang='lat' dir='ltr'><strong>etiam</strong></span> 
     </span>
     <span class='ocr_line' id='line_1_15' title="bbox 104 1208 1835 1271; baseline 0 -15"><span class='ocrx_word' id='word_1_109' title='bbox 104 1254 106 1256; x_wconf 78' lang='grc'>,</span> <span class='ocrx_word' id='word_1_110' title='bbox 139 1224 339 1257; x_wconf 90' lang='lat' dir='ltr'><strong>causam</strong></span> <span class='ocrx_word' id='word_1_111' title='bbox 378 1224 477 1270; x_wconf 92' lang='lat' dir='ltr'><strong>qua</strong></span> <span class='ocrx_word' id='word_1_112' title='bbox 523 1211 775 1269; x_wconf 89' lang='lat' dir='ltr'><strong>permotus</strong></span> <span class='ocrx_word' id='word_1_113' title='bbox 822 1208 874 1255; x_wconf 94' lang='lat' dir='ltr'><strong>in</strong></span> <span class='ocrx_word' id='word_1_114' title='bbox 915 1208 1215 1256; x_wconf 76' lang='lat' dir='ltr'><strong>editionibus</strong></span> <span class='ocrx_word' id='word_1_115' title='bbox 1254 1209 1454 1257; x_wconf 90' lang='lat' dir='ltr'><strong>Ioannis</strong></span> <span class='ocrx_word' id='word_1_116' title='bbox 1499 1208 1835 1271; x_wconf 84' lang='lat' dir='ltr'><strong>Chrysostomi</strong></span> 
     </span>
     <span class='ocr_line' id='line_1_16' title="bbox 139 1282 1834 1344; baseline 0.001 -14"><span class='ocrx_word' id='word_1_117' title='bbox 139 1282 428 1331; x_wconf 80' lang='lat' dir='ltr'><strong>adhibendis</strong></span> <span class='ocrx_word' id='word_1_118' title='bbox 454 1282 698 1344; x_wconf 83' lang='lat' dir='ltr'><strong>acquievi.</strong></span> <span class='ocrx_word' id='word_1_119' title='bbox 730 1282 786 1330; x_wconf 91' lang='lat' dir='ltr'><strong>In</strong></span> <span class='ocrx_word' id='word_1_120' title='bbox 813 1284 955 1331; x_wconf 85' lang='lat' dir='ltr'><strong>tanto</strong></span> <span class='ocrx_word' id='word_1_121' title='bbox 980 1282 1246 1330; x_wconf 89' lang='lat' dir='ltr'><strong>lectionum</strong></span> <span class='ocrx_word' id='word_1_122' title='bbox 1273 1283 1513 1332; x_wconf 91' lang='lat' dir='ltr'><strong>librorum</strong></span> <span class='ocrx_word' id='word_1_123' title='bbox 1537 1284 1834 1332; x_wconf 90' lang='lat' dir='ltr'><strong>collatorum</strong></span> 
     </span>
     <span class='ocr_line' id='line_1_17' title="bbox 139 1356 1834 1406; baseline 0.001 -1"><span class='ocrx_word' id='word_1_124' title='bbox 139 1372 378 1405; x_wconf 91' lang='lat' dir='ltr'><strong>consensu</strong></span> <span class='ocrx_word' id='word_1_125' title='bbox 423 1357 549 1404; x_wconf 86' lang='lat' dir='ltr'><strong>nihil</strong></span> <span class='ocrx_word' id='word_1_126' title='bbox 596 1356 804 1404; x_wconf 87' lang='lat' dir='ltr'><strong>subsidii</strong></span> <span class='ocrx_word' id='word_1_127' title='bbox 843 1373 867 1403; x_wconf 92' lang='lat' dir='ltr'><strong>e</strong></span> <span class='ocrx_word' id='word_1_128' title='bbox 908 1357 1158 1405; x_wconf 84' lang='lat' dir='ltr'><strong>codicibus</strong></span> <span class='ocrx_word' id='word_1_129' title='bbox 1201 1357 1360 1406; x_wconf 90' lang='lat' dir='ltr'><strong>denuo</strong></span> <span class='ocrx_word' id='word_1_130' title='bbox 1401 1357 1707 1406; x_wconf 87' lang='lat' dir='ltr'><strong>conferendis</strong></span> <span class='ocrx_word' id='word_1_131' title='bbox 1755 1359 1834 1406; x_wconf 90' lang='lat' dir='ltr'><strong>vel</strong></span> 
     </span>
     <span class='ocr_line' id='line_1_18' title="bbox 138 1430 1834 1493; baseline 0.001 -15"><span class='ocrx_word' id='word_1_132' title='bbox 138 1431 280 1480; x_wconf 88' lang='lat' dir='ltr'><strong>novis</strong></span> <span class='ocrx_word' id='word_1_133' title='bbox 321 1431 610 1479; x_wconf 82' lang='lat' dir='ltr'><strong>adhibendis</strong></span> <span class='ocrx_word' id='word_1_134' title='bbox 651 1431 946 1493; x_wconf 88' lang='lat' dir='ltr'><strong>exspectavi.</strong></span> <span class='ocrx_word' id='word_1_135' title='bbox 1003 1430 1257 1488; x_wconf 83' lang='lat' dir='ltr'><strong>Quomodo</strong></span> <span class='ocrx_word' id='word_1_136' title='bbox 1297 1434 1466 1480; x_wconf 90' lang='lat' dir='ltr'><strong>autem</strong></span> <span class='ocrx_word' id='word_1_137' title='bbox 1504 1431 1834 1480; x_wconf 90' lang='lat' dir='ltr'><strong>Libanianam</strong></span> 
     </span>
     <span class='ocr_line' id='line_1_19' title="bbox 138 1505 1834 1567; baseline 0.001 -15"><span class='ocrx_word' id='word_1_138' title='bbox 138 1505 460 1552; x_wconf 71' lang='lat' dir='ltr'><strong>traditionem</strong></span> <span class='ocrx_word' id='word_1_139' title='bbox 483 1507 645 1567; x_wconf 90' lang='lat' dir='ltr'><strong>pretio</strong></span> <span class='ocrx_word' id='word_1_140' title='bbox 670 1520 837 1553; x_wconf 90' lang='lat' dir='ltr'><strong>carere</strong></span> <span class='ocrx_word' id='word_1_141' title='bbox 861 1505 1080 1554; x_wconf 90' lang='lat' dir='ltr'><strong>iudicare</strong></span> <span class='ocrx_word' id='word_1_142' title='bbox 1105 1507 1327 1567; x_wconf 84' lang='lat' dir='ltr'><strong>potuerit</strong></span> <span class='ocrx_word' id='word_1_143' title='bbox 1348 1521 1548 1567; x_wconf 86' lang='lat' dir='ltr'><strong>prorsus</strong></span> <span class='ocrx_word' id='word_1_144' title='bbox 1573 1522 1651 1554; x_wconf 90' lang='lat' dir='ltr'><strong>me</strong></span> <span class='ocrx_word' id='word_1_145' title='bbox 1679 1507 1834 1555; x_wconf 90' lang='lat' dir='ltr'><strong>latere</strong></span> 
     </span>
     <span class='ocr_line' id='line_1_20' title="bbox 137 1578 1833 1644; baseline 0.001 -17"><span class='ocrx_word' id='word_1_146' title='bbox 137 1579 384 1641; x_wconf 89' lang='lat' dir='ltr'><strong>profiteor.</strong></span> <span class='ocrx_word' id='word_1_147' title='bbox 440 1580 612 1641; x_wconf 86' lang='lat' dir='ltr'><strong>Neque</strong></span> <span class='ocrx_word' id='word_1_148' title='bbox 652 1578 710 1627; x_wconf 91' lang='lat' dir='ltr'><strong>de</strong></span> <span class='ocrx_word' id='word_1_149' title='bbox 757 1579 1151 1644; x_wconf 83' lang='lat' dir='ltr'><strong>fragmentorum</strong></span> <span class='ocrx_word' id='word_1_150' title='bbox 1199 1578 1487 1628; x_wconf 87' lang='lat' dir='ltr'><strong>collectione</strong></span> <span class='ocrx_word' id='word_1_151' title='bbox 1532 1580 1617 1628; x_wconf 90' lang='lat' dir='ltr'><strong>sed</strong></span> <span class='ocrx_word' id='word_1_152' title='bbox 1656 1580 1714 1629; x_wconf 93' lang='lat' dir='ltr'><strong>de</strong></span> <span class='ocrx_word' id='word_1_153' title='bbox 1755 1597 1833 1629; x_wconf 83' lang='lat' dir='ltr'><strong>ex-</strong></span> 
     </span>
     <span class='ocr_line' id='line_1_21' title="bbox 139 1653 1834 1717; baseline 0.001 -16"><span class='ocrx_word' id='word_1_154' title='bbox 139 1654 388 1716; x_wconf 86' lang='lat' dir='ltr'><strong>cerptione</strong></span> <span class='ocrx_word' id='word_1_155' title='bbox 421 1655 660 1702; x_wconf 87' lang='lat' dir='ltr'><strong>orationis</strong></span> <span class='ocrx_word' id='word_1_156' title='bbox 686 1653 932 1702; x_wconf 91' lang='lat' dir='ltr'><strong>Ioanneae</strong></span> <span class='ocrx_word' id='word_1_157' title='bbox 957 1655 1126 1717; x_wconf 87' lang='lat' dir='ltr'><strong>agitur</strong></span> <span class='ocrx_word' id='word_1_158' title='bbox 1149 1670 1323 1715; x_wconf 81' lang='lat' dir='ltr'><strong>neque,</strong></span> <span class='ocrx_word' id='word_1_159' title='bbox 1359 1670 1468 1703; x_wconf 92' lang='lat' dir='ltr'><strong>cum</strong></span> <span class='ocrx_word' id='word_1_160' title='bbox 1502 1654 1662 1702; x_wconf 87' lang='lat' dir='ltr'><strong>oratio</strong></span> <span class='ocrx_word' id='word_1_161' title='bbox 1687 1655 1834 1703; x_wconf 89' lang='lat' dir='ltr'><strong>Liba-</strong></span> 
     </span>
     <span class='ocr_line' id='line_1_22' title="bbox 137 1727 1831 1790; baseline 0.001 -15"><span class='ocrx_word' id='word_1_162' title='bbox 137 1729 289 1775; x_wconf 88' lang='lat' dir='ltr'><strong>niana</strong></span> <span class='ocrx_word' id='word_1_163' title='bbox 327 1727 453 1774; x_wconf 92' lang='lat' dir='ltr'><strong>nihil</strong></span> <span class='ocrx_word' id='word_1_164' title='bbox 491 1727 588 1776; x_wconf 89' lang='lat' dir='ltr'><strong>nisi</strong></span> <span class='ocrx_word' id='word_1_165' title='bbox 623 1727 858 1775; x_wconf 84' lang='lat' dir='ltr'><strong>monodia</strong></span> <span class='ocrx_word' id='word_1_166' title='bbox 896 1728 984 1788; x_wconf 91' lang='lat' dir='ltr'><strong>sit,</strong></span> <span class='ocrx_word' id='word_1_167' title='bbox 1024 1729 1182 1775; x_wconf 87' lang='lat' dir='ltr'><strong>multa</strong></span> <span class='ocrx_word' id='word_1_168' title='bbox 1220 1729 1405 1790; x_wconf 88' lang='lat' dir='ltr'><strong>perisse</strong></span> <span class='ocrx_word' id='word_1_169' title='bbox 1442 1729 1666 1790; x_wconf 90' lang='lat' dir='ltr'><strong>putanda</strong></span> <span class='ocrx_word' id='word_1_170' title='bbox 1703 1733 1831 1778; x_wconf 89' lang='lat' dir='ltr'><strong>sunt.</strong></span> 
     </span>
     <span class='ocr_line' id='line_1_23' title="bbox 138 1801 1832 1866; baseline 0.002 -17"><span class='ocrx_word' id='word_1_171' title='bbox 138 1802 248 1849; x_wconf 85' lang='lat' dir='ltr'><strong>Non</strong></span> <span class='ocrx_word' id='word_1_172' title='bbox 282 1803 447 1849; x_wconf 89' lang='lat' dir='ltr'><strong>autem</strong></span> <span class='ocrx_word' id='word_1_173' title='bbox 471 1801 671 1864; x_wconf 88' lang='lat' dir='ltr'><strong>plenam</strong></span> <span class='ocrx_word' id='word_1_174' title='bbox 694 1803 1039 1866; x_wconf 86' lang='lat' dir='ltr'><strong>integramque</strong></span> <span class='ocrx_word' id='word_1_175' title='bbox 1064 1818 1167 1851; x_wconf 90' lang='lat' dir='ltr'><strong>esse</strong></span> <span class='ocrx_word' id='word_1_176' title='bbox 1194 1804 1470 1850; x_wconf 91' lang='lat' dir='ltr'><strong>orationem</strong></span> <span class='ocrx_word' id='word_1_177' title='bbox 1495 1803 1685 1851; x_wconf 88' lang='lat' dir='ltr'><strong>lacunis</strong></span> <span class='ocrx_word' id='word_1_178' title='bbox 1713 1820 1832 1852; x_wconf 92' lang='lat' dir='ltr'><strong>uno-</strong></span> 
     </span>
     <span class='ocr_line' id='line_1_24' title="bbox 137 1875 1579 1938; baseline 0.001 -15"><span class='ocrx_word' id='word_1_179' title='bbox 137 1891 330 1938; x_wconf 90' lang='lat' dir='ltr'><strong>quoque</strong></span> <span class='ocrx_word' id='word_1_180' title='bbox 361 1875 470 1924; x_wconf 90' lang='lat' dir='ltr'><strong>loco</strong></span> <span class='ocrx_word' id='word_1_181' title='bbox 502 1877 735 1924; x_wconf 86' lang='lat' dir='ltr'><strong>indicatis</strong></span> <span class='ocrx_word' id='word_1_182' title='bbox 766 1878 888 1924; x_wconf 89' lang='lat' dir='ltr'><strong>satis</strong></span> <span class='ocrx_word' id='word_1_183' title='bbox 919 1876 1210 1938; x_wconf 86' lang='lat' dir='ltr'><strong>patefecisse</strong></span> <span class='ocrx_word' id='word_1_184' title='bbox 1242 1877 1366 1924; x_wconf 90' lang='lat' dir='ltr'><strong>mihi</strong></span> <span class='ocrx_word' id='word_1_185' title='bbox 1397 1876 1579 1925; x_wconf 89' lang='lat' dir='ltr'><strong>videor.</strong></span> 
     </span>
     <span class='ocr_line' id='line_1_25' title="bbox 250 1949 1832 2013; baseline 0.001 -15"><span class='ocrx_word' id='word_1_186' title='bbox 250 1949 609 1998; x_wconf 86' lang='lat' dir='ltr'><strong>Gravissimum</strong></span> <span class='ocrx_word' id='word_1_187' title='bbox 650 1952 725 1998; x_wconf 85' lang='lat' dir='ltr'><strong>est</strong></span> <span class='ocrx_word' id='word_1_188' title='bbox 765 1950 895 2013; x_wconf 91' lang='lat' dir='ltr'><strong>quod</strong></span> <span class='ocrx_word' id='word_1_189' title='bbox 935 1951 1078 1998; x_wconf 89' lang='lat' dir='ltr'><strong>dicit:</strong></span> <span class='ocrx_word' id='word_1_190' title='bbox 1123 1951 1231 2012; x_wconf 80' lang='lat' dir='ltr'><strong>„bei</strong></span> <span class='ocrx_word' id='word_1_191' title='bbox 1270 1951 1363 1998; x_wconf 90' lang='lat' dir='ltr'><strong>den</strong></span> <span class='ocrx_word' id='word_1_192' title='bbox 1403 1951 1832 2012; x_wconf 88' lang='lat' dir='ltr'><strong>Deklamationen,</strong></span> 
     </span>
     <span class='ocr_line' id='line_1_26' title="bbox 138 2023 1831 2088; baseline -0.001 -16"><span class='ocrx_word' id='word_1_193' title='bbox 138 2039 215 2072; x_wconf 89' lang='lat' dir='ltr'><strong>wo</strong></span> <span class='ocrx_word' id='word_1_194' title='bbox 254 2023 332 2071; x_wconf 90' lang='lat' dir='ltr'><strong>die</strong></span> <span class='ocrx_word' id='word_1_195' title='bbox 371 2024 768 2088; x_wconf 85' lang='lat' dir='ltr'><strong>Echtheitsfrage</strong></span> <span class='ocrx_word' id='word_1_196' title='bbox 814 2024 1155 2086; x_wconf 88' lang='lat' dir='ltr'><strong>hineinspielt‚</strong></span> <span class='ocrx_word' id='word_1_197' title='bbox 1201 2025 1304 2072; x_wconf 90' lang='lat' dir='ltr'><strong>und</strong></span> <span class='ocrx_word' id='word_1_198' title='bbox 1343 2025 1522 2072; x_wconf 89' lang='lat' dir='ltr'><strong>Werke</strong></span> <span class='ocrx_word' id='word_1_199' title='bbox 1562 2025 1831 2088; x_wconf 86' lang='lat' dir='ltr'><strong>grundver·</strong></span> 
     </span>
     <span class='ocr_line' id='line_1_27' title="bbox 138 2097 1832 2163; baseline 0 -17"><span class='ocrx_word' id='word_1_200' title='bbox 138 2098 429 2146; x_wconf 85' lang='lat' dir='ltr'><strong>schiedenen</strong></span> <span class='ocrx_word' id='word_1_201' title='bbox 475 2097 594 2147; x_wconf 82' lang='lat' dir='ltr'><strong>Stils</strong></span> <span class='ocrx_word' id='word_1_202' title='bbox 640 2098 1035 2146; x_wconf 90' lang='lat' dir='ltr'><strong>nebeneinander</strong></span> <span class='ocrx_word' id='word_1_203' title='bbox 1079 2098 1272 2159; x_wconf 77' lang='lat' dir='ltr'><strong>stehen,</strong></span> <span class='ocrx_word' id='word_1_204' title='bbox 1322 2114 1485 2146; x_wconf 83' lang='lat' dir='ltr'><strong>waren</strong></span> <span class='ocrx_word' id='word_1_205' title='bbox 1533 2099 1832 2163; x_wconf 86' lang='lat' dir='ltr'><strong>eingehende</strong></span> 
     </span>
     <span class='ocr_line' id='line_1_28' title="bbox 142 2171 1831 2235; baseline 0.001 -16"><span class='ocrx_word' id='word_1_206' title='bbox 142 2171 584 2235; x_wconf 87' lang='lat' dir='ltr'><strong>Untersuchungen</strong></span> <span class='ocrx_word' id='word_1_207' title='bbox 614 2172 737 2220; x_wconf 79' lang='lat' dir='ltr'><strong>iiber</strong></span> <span class='ocrx_word' id='word_1_208' title='bbox 758 2172 1010 2232; x_wconf 87' lang='lat' dir='ltr'><strong>Klauseln‚</strong></span> <span class='ocrx_word' id='word_1_209' title='bbox 1042 2172 1210 2234; x_wconf 86' lang='lat' dir='ltr'><strong>Hiate‚</strong></span> <span class='ocrx_word' id='word_1_210' title='bbox 1234 2171 1561 2234; x_wconf 84' lang='lat' dir='ltr'><strong>Grammatik,</strong></span> <span class='ocrx_word' id='word_1_211' title='bbox 1592 2173 1831 2221; x_wconf 86' lang='lat' dir='ltr'><strong>Rhetorik</strong></span> 
     </span>
     <span class='ocr_line' id='line_1_29' title="bbox 138 2245 1833 2310; baseline 0 -16"><span class='ocrx_word' id='word_1_212' title='bbox 138 2261 229 2294; x_wconf 89' lang='lat' dir='ltr'><strong>vor</strong></span> <span class='ocrx_word' id='word_1_213' title='bbox 260 2245 346 2293; x_wconf 90' lang='lat' dir='ltr'><strong>der</strong></span> <span class='ocrx_word' id='word_1_214' title='bbox 377 2246 730 2310; x_wconf 83' lang='lat' dir='ltr'><strong>Drucklegung</strong></span> <span class='ocrx_word' id='word_1_215' title='bbox 761 2248 924 2310; x_wconf 72' lang='lat' dir='ltr'><strong>notig3</strong></span> <span class='ocrx_word' id='word_1_216' title='bbox 968 2245 1065 2295; x_wconf 85' lang='lat' dir='ltr'><strong>dass</strong></span> <span class='ocrx_word' id='word_1_217' title='bbox 1098 2248 1166 2294; x_wconf 92' lang='lat' dir='ltr'><strong>sie</strong></span> <span class='ocrx_word' id='word_1_218' title='bbox 1198 2247 1540 2296; x_wconf 86' lang='lat' dir='ltr'><strong>unterblieben</strong></span> <span class='ocrx_word' id='word_1_219' title='bbox 1581 2247 1711 2307; x_wconf 82' lang='lat' dir='ltr'><strong>sind,</strong></span> <span class='ocrx_word' id='word_1_220' title='bbox 1744 2247 1833 2294; x_wconf 86' lang='lat' dir='ltr'><strong>hat</strong></span> 
     </span>
     <span class='ocr_line' id='line_1_30' title="bbox 139 2319 1831 2369; baseline 0.001 -3"><span class='ocrx_word' id='word_1_221' title='bbox 139 2335 200 2367; x_wconf 91' lang='lat' dir='ltr'><strong>zu</strong></span> <span class='ocrx_word' id='word_1_222' title='bbox 246 2319 495 2368; x_wconf 87' lang='lat' dir='ltr'><strong>schweren</strong></span> <span class='ocrx_word' id='word_1_223' title='bbox 533 2320 806 2368; x_wconf 78' lang='lat' dir='ltr'><strong>Irrtiimern</strong></span> <span class='ocrx_word' id='word_1_224' title='bbox 849 2320 900 2367; x_wconf 90' lang='lat' dir='ltr'><strong>in</strong></span> <span class='ocrx_word' id='word_1_225' title='bbox 942 2320 1028 2368; x_wconf 88' lang='lat' dir='ltr'><strong>der</strong></span> <span class='ocrx_word' id='word_1_226' title='bbox 1065 2320 1279 2368; x_wconf 77' lang='grc'>1161161611</span> <span class='ocrx_word' id='word_1_227' title='bbox 1327 2321 1419 2369; x_wconf 87' lang='lat' dir='ltr'><strong>wie</strong></span> <span class='ocrx_word' id='word_1_228' title='bbox 1467 2321 1553 2368; x_wconf 89' lang='lat' dir='ltr'><strong>der</strong></span> <span class='ocrx_word' id='word_1_229' title='bbox 1601 2321 1831 2368; x_wconf 87' lang='lat' dir='ltr'><strong>niederen</strong></span> 
     </span>
     <span class='ocr_line' id='line_1_31' title="bbox 137 2392 1831 2458; baseline 0.001 -18"><span class='ocrx_word' id='word_1_230' title='bbox 137 2392 307 2440; x_wconf 88' lang='lat' dir='ltr'><strong>Kritik</strong></span> <span class='ocrx_word' id='word_1_231' title='bbox 339 2394 552 2457; x_wconf 77' lang='lat' dir='ltr'><strong>geffihrt,</strong></span> <span class='ocrx_word' id='word_1_232' title='bbox 585 2394 676 2441; x_wconf 88' lang='lat' dir='ltr'><strong>wie</strong></span> <span class='ocrx_word' id='word_1_233' title='bbox 709 2394 790 2442; x_wconf 93' lang='lat' dir='ltr'><strong>ich</strong></span> <span class='ocrx_word' id='word_1_234' title='bbox 815 2410 879 2442; x_wconf 91' lang='lat' dir='ltr'><strong>an</strong></span> <span class='ocrx_word' id='word_1_235' title='bbox 903 2394 1111 2442; x_wconf 88' lang='lat' dir='ltr'><strong>anderer</strong></span> <span class='ocrx_word' id='word_1_236' title='bbox 1135 2394 1287 2442; x_wconf 84' lang='lat' dir='ltr'><strong>Stelle</strong></span> <span class='ocrx_word' id='word_1_237' title='bbox 1311 2395 1682 2458; x_wconf 85' lang='lat' dir='ltr'><strong>nachgewiesen</strong></span> <span class='ocrx_word' id='word_1_238' title='bbox 1706 2395 1831 2442; x_wconf 88' lang='lat' dir='ltr'><strong>habe</strong></span> 
     </span>
     <span class='ocr_line' id='line_1_32' title="bbox 139 2461 1727 2534; baseline 0.003 -22"><span class='ocrx_word' id='word_1_239' title='bbox 139 2461 510 2531; x_wconf 85' lang='lat' dir='ltr'><strong>(Wochenschr.</strong></span> <span class='ocrx_word' id='word_1_240' title='bbox 543 2468 576 2515; x_wconf 89' lang='lat' dir='ltr'><strong>f.</strong></span> <span class='ocrx_word' id='word_1_241' title='bbox 608 2468 756 2516; x_wconf 89' lang='lat' dir='ltr'><strong>klass.</strong></span> <span class='ocrx_word' id='word_1_242' title='bbox 789 2468 968 2516; x_wconf 91' lang='lat' dir='ltr'><strong>Philol.</strong></span> <span class='ocrx_word' id='word_1_243' title='bbox 1004 2470 1142 2516; x_wconf 86' lang='lat'>1911</span> <span class='ocrx_word' id='word_1_244' title='bbox 1181 2468 1262 2530; x_wconf 87' lang='lat' dir='ltr'><strong>Sp.</strong></span> <span class='ocrx_word' id='word_1_245' title='bbox 1292 2462 1727 2534; x_wconf 76' lang='lat'>1255—1257).“</span> 
     </span>
     <span class='ocr_line' id='line_1_33' title="bbox 249 2540 1829 2605; baseline 0.001 -17"><span class='ocrx_word' id='word_1_246' title='bbox 249 2540 392 2589; x_wconf 92' lang='lat' dir='ltr'><strong>Itane</strong></span> <span class='ocrx_word' id='word_1_247' title='bbox 423 2557 501 2589; x_wconf 89' lang='lat' dir='ltr'><strong>res</strong></span> <span class='ocrx_word' id='word_1_248' title='bbox 533 2557 583 2589; x_wconf 87' lang='lat' dir='ltr'><strong>se</strong></span> <span class='ocrx_word' id='word_1_249' title='bbox 607 2541 792 2590; x_wconf 77' lang='lat' dir='ltr'><strong>habet?</strong></span> <span class='ocrx_word' id='word_1_250' title='bbox 826 2542 967 2589; x_wconf 90' lang='lat' dir='ltr'><strong>Nihil</strong></span> <span class='ocrx_word' id='word_1_251' title='bbox 999 2558 1110 2590; x_wconf 90' lang='lat' dir='ltr'><strong>eum</strong></span> <span class='ocrx_word' id='word_1_252' title='bbox 1142 2543 1250 2591; x_wconf 93' lang='lat' dir='ltr'><strong>loco</strong></span> <span class='ocrx_word' id='word_1_253' title='bbox 1274 2542 1362 2590; x_wconf 90' lang='lat' dir='ltr'><strong>illo</strong></span> <span class='ocrx_word' id='word_1_254' title='bbox 1388 2542 1451 2590; x_wconf 88' lang='lat' dir='ltr'><strong>ad</strong></span> <span class='ocrx_word' id='word_1_255' title='bbox 1477 2559 1622 2604; x_wconf 90' lang='lat' dir='ltr'><strong>quem</strong></span> <span class='ocrx_word' id='word_1_256' title='bbox 1654 2558 1829 2605; x_wconf 90' lang='lat' dir='ltr'><strong>provo-</strong></span> 
     </span>
     <span class='ocr_line' id='line_1_34' title="bbox 139 2614 1831 2678; baseline 0.001 -16"><span class='ocrx_word' id='word_1_257' title='bbox 139 2615 272 2662; x_wconf 84' lang='lat' dir='ltr'><strong>cavit</strong></span> <span class='ocrx_word' id='word_1_258' title='bbox 309 2614 542 2676; x_wconf 88' lang='lat' dir='ltr'><strong>probasse</strong></span> <span class='ocrx_word' id='word_1_259' title='bbox 586 2618 704 2663; x_wconf 88' lang='lat' dir='ltr'><strong>nota</strong></span> <span class='ocrx_word' id='word_1_260' title='bbox 750 2616 890 2664; x_wconf 88' lang='lat' dir='ltr'><strong>brevi</strong></span> <span class='ocrx_word' id='word_1_261' title='bbox 928 2632 976 2677; x_wconf 88' lang='lat' dir='ltr'><strong>p.</strong></span> <span class='ocrx_word' id='word_1_262' title='bbox 1012 2617 1114 2663; x_wconf 83' lang='lat'><strong>641</strong></span> <span class='ocrx_word' id='word_1_263' title='bbox 1158 2633 1308 2677; x_wconf 85' lang='lat' dir='ltr'><strong>quam</strong></span> <span class='ocrx_word' id='word_1_264' title='bbox 1353 2618 1491 2678; x_wconf 89' lang='lat' dir='ltr'><strong>prius</strong></span> <span class='ocrx_word' id='word_1_265' title='bbox 1539 2616 1831 2678; x_wconf 83' lang='lat' dir='ltr'><strong>scripseram</strong></span> 
     </span>
     <span class='ocr_line' id='line_1_35' title="bbox 140 2689 1827 2750; baseline 0.002 -16"><span class='ocrx_word' id='word_1_266' title='bbox 140 2703 287 2748; x_wconf 89' lang='lat' dir='ltr'><strong>quam</strong></span> <span class='ocrx_word' id='word_1_267' title='bbox 328 2689 449 2737; x_wconf 89' lang='lat' dir='ltr'><strong>haec</strong></span> <span class='ocrx_word' id='word_1_268' title='bbox 487 2704 694 2737; x_wconf 88' lang='lat' dir='ltr'><strong>censura</strong></span> <span class='ocrx_word' id='word_1_269' title='bbox 730 2690 855 2737; x_wconf 83' lang='lat' dir='ltr'><strong>mihi</strong></span> <span class='ocrx_word' id='word_1_270' title='bbox 893 2689 982 2737; x_wconf 91' lang='lat' dir='ltr'><strong>sub</strong></span> <span class='ocrx_word' id='word_1_271' title='bbox 1022 2690 1188 2738; x_wconf 89' lang='lat' dir='ltr'><strong>oculos</strong></span> <span class='ocrx_word' id='word_1_272' title='bbox 1228 2691 1441 2750; x_wconf 86' lang='lat' dir='ltr'><strong>veniret,</strong></span> <span class='ocrx_word' id='word_1_273' title='bbox 1480 2690 1827 2738; x_wconf 86' lang='lat' dir='ltr'><strong>demonstravi.</strong></span> 
     </span>
     <span class='ocr_line' id='line_1_36' title="bbox 141 2758 1827 2825; baseline 0.001 -17"><span class='ocrx_word' id='word_1_274' title='bbox 141 2758 321 2810; x_wconf 82' lang='lat' dir='ltr'><strong>Omnia</strong></span> <span class='ocrx_word' id='word_1_275' title='bbox 353 2765 518 2810; x_wconf 90' lang='lat' dir='ltr'><strong>autem</strong></span> <span class='ocrx_word' id='word_1_276' title='bbox 553 2779 678 2824; x_wconf 86' lang='lat' dir='ltr'><strong>quae</strong></span> <span class='ocrx_word' id='word_1_277' title='bbox 710 2765 924 2825; x_wconf 87' lang='lat' dir='ltr'><strong>requirit</strong></span> <span class='ocrx_word' id='word_1_278' title='bbox 956 2763 1121 2812; x_wconf 90' lang='lat' dir='ltr'><strong>studia</strong></span> <span class='ocrx_word' id='word_1_279' title='bbox 1154 2779 1183 2811; x_wconf 89' lang='lat' dir='ltr'><strong>a</strong></span> <span class='ocrx_word' id='word_1_280' title='bbox 1215 2780 1291 2811; x_wconf 91' lang='lat' dir='ltr'><strong>me</strong></span> <span class='ocrx_word' id='word_1_281' title='bbox 1324 2779 1427 2812; x_wconf 88' lang='lat' dir='ltr'><strong>esse</strong></span> <span class='ocrx_word' id='word_1_282' title='bbox 1468 2765 1602 2811; x_wconf 85' lang='lat' dir='ltr'><strong>facta</strong></span> <span class='ocrx_word' id='word_1_283' title='bbox 1633 2764 1827 2812; x_wconf 88' lang='lat' dir='ltr'><strong>novisse</strong></span> 
     </span>
     <span class='ocr_line' id='line_1_37' title="bbox 138 2835 1826 2898; baseline 0.001 -16"><span class='ocrx_word' id='word_1_284' title='bbox 138 2836 318 2896; x_wconf 87' lang='lat' dir='ltr'><strong>potuit,</strong></span> <span class='ocrx_word' id='word_1_285' title='bbox 347 2835 499 2884; x_wconf 90' lang='lat' dir='ltr'><strong>immo</strong></span> <span class='ocrx_word' id='word_1_286' title='bbox 531 2852 648 2885; x_wconf 90' lang='lat' dir='ltr'><strong>vero</strong></span> <span class='ocrx_word' id='word_1_287' title='bbox 682 2836 852 2885; x_wconf 91' lang='lat' dir='ltr'><strong>debuit</strong></span> <span class='ocrx_word' id='word_1_288' title='bbox 884 2839 971 2898; x_wconf 94' lang='lat' dir='ltr'><strong>qui</strong></span> <span class='ocrx_word' id='word_1_289' title='bbox 1002 2853 1258 2885; x_wconf 86' lang='lat' dir='ltr'><strong>censuram</strong></span> <span class='ocrx_word' id='word_1_290' title='bbox 1290 2837 1522 2885; x_wconf 87' lang='lat' dir='ltr'><strong>editionis</strong></span> <span class='ocrx_word' id='word_1_291' title='bbox 1554 2853 1691 2885; x_wconf 89' lang='lat' dir='ltr'><strong>meae</strong></span> <span class='ocrx_word' id='word_1_292' title='bbox 1725 2853 1826 2884; x_wconf 92' lang='lat' dir='ltr'><strong>sus·</strong></span> 
     </span>
     <span class='ocr_line' id='line_1_38' title="bbox 140 2909 1827 2972; baseline 0.001 -18"><span class='ocrx_word' id='word_1_293' title='bbox 140 2909 286 2968; x_wconf 90' lang='lat' dir='ltr'><strong>cepit,</strong></span> <span class='ocrx_word' id='word_1_294' title='bbox 317 2925 373 2956; x_wconf 85' lang='lat' dir='ltr'><strong>ex</strong></span> <span class='ocrx_word' id='word_1_295' title='bbox 405 2909 466 2958; x_wconf 92' lang='lat' dir='ltr'><strong>iis</strong></span> <span class='ocrx_word' id='word_1_296' title='bbox 500 2925 624 2971; x_wconf 88' lang='lat' dir='ltr'><strong>quae</strong></span> <span class='ocrx_word' id='word_1_297' title='bbox 649 2914 764 2958; x_wconf 87' lang='lat' dir='ltr'><strong>ante</strong></span> <span class='ocrx_word' id='word_1_298' title='bbox 797 2910 1062 2958; x_wconf 88' lang='lat' dir='ltr'><strong>editionem</strong></span> <span class='ocrx_word' id='word_1_299' title='bbox 1094 2911 1477 2972; x_wconf 85' lang='lat' dir='ltr'><strong>publicaveram.</strong></span> <span class='ocrx_word' id='word_1_300' title='bbox 1521 2911 1718 2958; x_wconf 63' lang='lat' dir='ltr'><strong>Verum&gt;</strong></span> <span class='ocrx_word' id='word_1_301' title='bbox 1737 2910 1827 2957; x_wconf 90' lang='lat' dir='ltr'><strong>illa</strong></span> 
     </span>
    </p>
   </div>
  </div>
 </body>
</html>
