1986 3158
868 774 1062 828 XXXI.

120 897 340 963 Νόμος
386 896 500 949 τὸν
547 895 830 964 εὑρόντα
859 896 1204 963 θησαυρὸν
1251 895 1473 964 χιλίας
1510 902 1582 965 τῇ
1629 896 1814 948 πόλει
1858 917 1861 921 ·

120 981 397 1038 διδόναι.
445 984 856 1054 φιλάργυρος
907 983 1116 1053 εὑρὼν
1169 985 1536 1053 θησαυρόν,
1582 975 1814 1037 πέντα-

117 1075 345 1136 κοσίας
385 1073 698 1143 δραχμάς,
737 1071 842 1127 καὶ
884 1072 1276 1141 ἀπαιτηθεὶς
1315 1072 1529 1142 χιλίας
1568 1070 1814 1126 ἀποθα-

779 1170 928 1215 νεῖν
966 1159 1152 1225 ἀξιοῖ

787 1292 864 1348 ‘H
894 1293 1139 1364 μελέτη.
1860 1319 1879 1351 5

234 1416 278 1467 1.
304 1414 508 1484 ’Έχετε,
548 1408 590 1467 ὦ
622 1415 816 1483 βουλή,
851 1414 948 1477 τὰς
978 1417 1339 1477 πεντακοσίας
1370 1415 1630 1484 δραχμάς,
1678 1419 1798 1464 RIV
1816 1426 1902 1466 198

116 1503 218 1556 τὸν
263 1505 591 1574 θαυμαστὸν
635 1505 952 1573 θησαυρόν,
1006 1501 1097 1556 καὶ
1143 1504 1414 1566 τοσαύτας
1468 1501 1654 1572 ἑτέρας
1707 1503 1811 1559 ἀπὸ

117 1600 212 1660 τῆς
264 1592 532 1662 προτέρας
571 1592 762 1655 οὐσίας
814 1599 911 1660 τῆς
957 1590 1088 1661 ἐμῆς
1125 1599 1224 1645 τοῦ
1265 1593 1590 1662 δυστυχοῦς.
1643 1607 1813 1662 προσ-

118 1680 396 1749 αφέλεσθε
443 1682 512 1750 δή
565 1701 618 1734 τι
668 1679 759 1734 καὶ
814 1682 1028 1751 τρίτον,
1083 1682 1131 1734 εἰ
1170 1682 1468 1750 βούλεσθε,
1530 1682 1630 1751 τὴν
1677 1682 1814 1751 ἐμὴν

239 1843 282 1886 L
334 1864 385 1878 =
413 1841 758 1886 Laurentianus
790 1841 914 1886 LVII
942 1846 997 1885 27

237 1902 310 1945 Pa
331 1923 386 1938 =
411 1901 650 1945 Parisinus
682 1915 749 1957 gr.
775 1905 889 1945 2961

239 1960 292 2004 Ol
330 1982 386 1997 =
411 1960 724 2004 Berolinensis
755 1975 823 2018 gr.
852 1964 951 2015 195,
986 1959 1098 2005 olim
1131 1959 1519 2005 Olaromontanus

237 2020 313 2063 La
331 2042 387 2057 =
415 2020 759 2064 Laurentianus
790 2019 915 2063 LVII
941 2024 998 2064 44

246 2080 315 2123 Va
331 2101 386 2116 ==
410 2079 668 2124 Vaticanus
699 2093 766 2137 gr.
793 2083 848 2123 82

236 2139 282 2182 Β
329 2161 384 2176 =
410 2138 693 2182 Barberinus
717 2138 759 2182 Π
784 2144 837 2182 41

236 2291 263 2330 5
294 2287 323 2344 ἡ
356 2285 513 2338 στάσις
542 2286 662 2331 κατὰ
694 2284 834 2344 ῥητὸν
865 2287 946 2330 καὶ
978 2286 1198 2331 διάνοιαν
1230 2286 1279 2330 in
1312 2301 1445 2344 marg
1468 2288 1511 2331 L

238 2439 261 2477 1
294 2433 591 2490 Προθεωρία.
625 2435 735 2478 ante
766 2431 929 2490 Νόμος
959 2433 1065 2488 edd,
1127 2434 1280 2478 delevi
1307 2438 1314 2491 Ι
1341 2432 1459 2491 πόλη
1486 2434 1560 2478 La
1593 2434 1674 2478 sed
1698 2451 1726 2490 η
1759 2434 1808 2476 in

117 2509 158 2538 ει
190 2507 291 2537 corr
320 2494 350 2547 f
374 2495 422 2537 et
451 2508 474 2538 s
594 2499 618 2537 2
653 2493 863 2551 δραχμάς
886 2495 993 2550 posia
1017 2491 1205 2539 διδόναι
1230 2495 1348 2539 LPa
1374 2493 1466 2537 edd
1527 2493 1678 2538 delevi
1702 2493 1807 2536 coll.

116 2567 162 2608 p.
188 2557 294 2608 9‚5;
327 2557 464 2608 23‚5;
498 2557 635 2607 26‚3;
669 2556 783 2606 28,5
810 2555 857 2597 et
884 2557 959 2607 123
986 2556 1122 2606 30,4;
1149 2557 1315 2607 31,13;
1350 2557 1486 2608 34‚7;
1519 2557 1658 2608 35‚9;
1691 2557 1805 2606 36‚1

238 2616 262 2655 3
296 2611 505 2669 δραχμάς
529 2626 604 2656 om
628 2612 672 2655 L
697 2614 744 2656 et
768 2629 822 2669 γρ
847 2612 896 2655 in
919 2625 1054 2669 marg
1077 2612 1179 2656 Mor
1300 2617 1326 2656 5
1358 2610 1517 2669 μελέτη
1549 2615 1570 2656 ἒ
1604 2611 1653 2655 in
1676 2626 1808 2668 marg

117 2669 193 2715 La
337 2675 362 2712 6
393 2668 551 2728 Ἔχετε
574 2672 650 2716 La
685 2670 767 2714 sed
800 2673 892 2728 ε(·2)
924 2671 973 2714 in
1004 2685 1080 2714 ras
1121 2685 1178 2715 ex
1209 2687 1262 2715 ov
1295 2685 1397 2715 corr
1426 2685 1449 2715 s
1594 2675 1617 2715 7
1658 2672 1709 2715 ἐκ
1734 2671 1807 2714 Ρα

235 2733 262 2772 8
292 2735 373 2786 τῆς
402 2729 630 2785 προτέρας
661 2728 822 2782 οὐσίας
851 2742 928 2774 'om
952 2731 1026 2774 Pa
1053 2732 1059 2786 Ι
1086 2732 1238 2787 τῆς<2)
1267 2730 1370 2774 Mor
1400 2730 1482 2774 sed
1514 2747 1568 2786 γρ
1601 2729 1695 2774 ἀπὸ
1726 2735 1807 2785 τῆς

117 2786 228 2845 ἐμῆς
251 2791 505 2847 δυστυχοῦς
534 2789 584 2832 in
616 2802 748 2847 marg
823 2802 898 2832 om
921 2790 995 2834 Pa
1037 2793 1043 2842 Ι
1085 2795 1167 2834 τοῦ
1201 2788 1365 2846 scripsi
1397 2803 1422 2832 e
1449 2789 1500 2834 ΟΖ
1511 2789 1579 2833 Va
1658 2793 1740 2843 τῆς
1763 2789 1806 2831 L

116 2847 316 2891 PaLaB
346 2847 438 2891 edd
465 2850 471 2904 Ι
499 2846 652 2899 οἰκίας
681 2850 789 2905 post
819 2850 1074 2904 δυστυχοῦς
1098 2849 1173 2892 Ρα
1204 2848 1306 2892 Mor
1336 2848 1418 2891 sed
1448 2848 1498 2891 in
1530 2847 1618 2890 hoc
1650 2861 1721 2890 om
1751 2863 1804 2902 γρ

116 2903 167 2948 in
197 2920 350 2963 marg,
382 2906 451 2949 Re
477 2907 559 2950 sed
590 2907 734 2951 adnot:
769 2921 889 2963 „non
915 2908 1032 2951 male
1055 2907 1202 2951 abest“
1329 2911 1354 2950 9
1387 2923 1431 2951 τι
1462 2921 1537 2951 om
1561 2907 1636 2950 La
1707 2952 1710 2954 .
