2044 3168
107 143 191 187 AD
223 140 723 188 ANTEGEDENTEM
755 139 1285 185 DECLAMATIONEM
1315 139 1646 186 ANTILOGIA
1694 141 1800 193 175

107 282 363 349 φρόνημα
409 278 546 331 κατὰ
590 279 721 340 τοὺς
772 276 935 339 νέους
986 276 1251 347 ὑπάρχων
1302 275 1394 330 καὶ
1450 277 1659 344 ἅλματα
1710 276 1801 331 καὶ

103 368 415 437 μεταφορὰς
462 365 554 420 καὶ
600 366 857 428 τοιαύτας
902 368 1169 434 κινήσεις,
1209 365 1242 419 ἃ
1290 374 1355 436 τῇ
1402 366 1587 437 ἡλικίᾳ
1628 368 1799 436 ταύτῃ

107 461 370 525 φιλεῖται,
432 456 538 509 ἀπὸ
593 462 773 524 ψυχῆς
826 455 1285 523 βδελυττόμενος,
1341 454 1413 517 ὡς
1467 451 1537 523 ἧν
1591 475 1683 524 μοι
1739 456 1799 508 τὸ

104 542 246 613 ἦθος
283 554 535 614 κρεῖττον
574 545 606 614 ἢ
646 545 869 597 δεῖσθαι
909 544 1306 614 ρυθμίζεσθαι,
1352 545 1426 606 ὡς
1466 544 1593 597 οὔτε
1632 558 1801 613 προσ-

107 642 258 703 εῖχον
306 633 591 702 ἀθύρμασι
637 631 728 686 καὶ
774 634 1069 702 πρόθυμος
1116 631 1369 701 ἐβάδιζον
1417 632 1471 696 ές
1516 647 1801 702 μυσταγω-
1849 653 1869 686 5

106 731 221 790 γῶν
270 725 478 792 τρόπον
532 722 633 792 μὲν
686 721 1076 788 ἀποσειόμενος
1128 723 1413 790 παιδικόν,
1463 721 1692 792 μελέτην
1744 721 1803 775 δ’

108 813 249 880 ἔχων
279 812 381 880 τὴν
419 812 714 864 παίδευσιν
751 809 844 863 καὶ
883 809 1294 881 ἀνδρικώτερον
1331 812 1434 879 τὴν
1472 821 1682 880 γνῶσιν
1721 812 1801 864 δε·

107 903 361 970 χόμενος,
417 899 490 963 ὡς
527 898 696 953 πάνθ’
745 895 826 953 ὅσ’
874 899 1117 963 ἐκέλευες
1170 897 1350 969 ἔδρων
1403 901 1497 953 καὶ
1547 902 1686 969 πρὸς
1738 902 1799 953 τὸ

108 991 211 1043 σὸν
250 989 527 1043 ἐσκόπουν
565 987 656 1042 καὶ
695 988 1016 1058 διετιθέμην
1055 987 1139 1042 ἀεὶ
1178 986 1352 1059 μηδὲν
1402 986 1624 1058 ἔχοντος
1661 990 1801 1057 ὑπὲρ

106 1080 342 1149 μηδενὸς
380 1081 514 1148 μήτε
551 1086 652 1131 τοῦ
692 1085 1063 1147 μυσταγωγοῦ
1102 1080 1232 1147 μήτε
1280 1087 1380 1132 τοῦ
1423 1079 1800 1147 παιδαγωγοῦ,
1828 1101 1871 1133 ιο

107 1167 223 1221 ἀλλ’
294 1167 424 1221 οὐδὲ
493 1175 596 1220 σοῦ
667 1167 1026 1221 αἰτιάσασθαι
1094 1176 1207 1221 τῶν
1277 1167 1422 1235 ἐμῶν
1483 1166 1566 1221 ἀεὶ
1626 1169 1803 1237 πάσης

107 1256 358 1327 μέμψεως
399 1255 820 1325 ὑπερκειμένων.
869 1255 954 1309 65.
997 1255 1118 1324 λέγε
1165 1258 1235 1325 δή
1281 1276 1375 1326 μοι
1421 1255 1512 1310 καὶ
1558 1258 1625 1309 τὰ
1670 1259 1803 1326 μετὰ

107 1354 301 1413 ταῦτα,
350 1346 424 1409 ὡς
469 1346 831 1414 ἀνδρωθῆναι
878 1343 980 1414 μὲν
1026 1344 1243 1413 ἐγένετο
1298 1344 1389 1399 καὶ
1435 1347 1536 1415 τὴν
1586 1347 1804 1415 ἡλικίαν

107 1434 325 1503 ἐκείνην
369 1435 779 1505 παραδραμεῖν,
834 1434 900 1487 οὐ
956 1435 1064 1503 μὴν
1118 1431 1180 1487 δὲ
1233 1433 1321 1487 καὶ
1378 1437 1509 1498 τοὺς
1554 1435 1803 1504 ἀγαθοὺς

106 1532 219 1577 τῶν
271 1526 492 1592 τρόπων
544 1528 1033 1592 μεθαρμοσθῆναι,
1089 1524 1161 1586 ὡς
1216 1524 1283 1577 οὐ
1346 1523 1645 1594 διέφθειρα
1701 1527 1802 1594 τὴν
1830 1544 1870 1577 15

109 1611 380 1683 ἁρμονίαν
429 1613 531 1680 τὴν
571 1611 626 1676 ἐξ
667 1611 858 1682 ἀρχῆς,
899 1613 966 1666 οὐ
1006 1612 1307 1682 μετέβαλον
1346 1621 1442 1682 τῆς
1481 1616 1801 1683 πραότητος,

109 1701 175 1755 οὐ
222 1701 525 1771 μετέβαλον
570 1710 682 1755 τῶν
728 1702 914 1770 ἠθῶν,
968 1700 1084 1755 ἀλλ’
1133 1701 1251 1755 οὐδ’
1300 1702 1535 1771 ἀνήκοος
1589 1702 1803 1772 ἐφάνην

106 1789 197 1844 καὶ
245 1791 577 1858 δυσπειθής,
623 1791 964 1858 παγιώτερος
1010 1790 1072 1843 δὲ
1117 1795 1330 1860 μᾶλλον
1375 1790 1590 1861 ὑπῆρξα
1638 1794 1705 1846 τὰ
1743 1791 1802 1845 ἐκ

108 1881 312 1947 νηπίου
352 1878 597 1948 φυλάξας
635 1879 773 1932 καλὰ
811 1878 904 1932 καὶ
943 1880 1008 1932 τὰ
1047 1881 1256 1948 φυσικὰ
1285 1883 1668 1950 προτερήματα
1708 1881 1802 1934 ἀν-

110 1970 271 2038 δρικῇ
320 1970 590 2037 φρονήσει
637 1967 924 2036 ἐκόσμησα.
979 1972 1272 2037 προστίθει
1321 1967 1381 2022 δὲ
1427 1969 1676 2039 κάκεῖνα,
1731 1972 1804 2034 ὡς
1826 1990 1872 2022 20

110 2061 332 2127 ἔχαιρον
371 2057 728 2127 σωφροσύνῃ,
768 2057 843 2120 ὡς
875 2057 1312 2128 ἐβδελυττόμην,
1336 2059 1387 2112 εἴ
1415 2080 1496 2122 τις
1526 2059 1665 2129 πέρα
1703 2068 1802 2113 τοῦ

109 2148 335 2217 μετρίου
406 2148 667 2214 χρήσαιτο
731 2145 889 2217 οἴνῳ,
958 2147 1050 2200 καὶ
1117 2150 1466 2217 ταλαίπωρον
1534 2149 1802 2218 ἡγούμην,

110 2241 167 2290 εἴ
190 2255 273 2298 τις
303 2236 375 2304 μὴ
409 2234 564 2302 ἐτίμα
595 2244 795 2302 γονεῖς,
828 2234 1060 2302 ἀλγοῦσι
1091 2237 1193 2305 μὲν
1224 2242 1536 2306 συναλγῶν,
1576 2238 1803 2307 εὐφραι-

109 2323 364 2392 νομένοις
410 2322 470 2376 δὲ
512 2325 1082 2393 συνευφραινόμενος,
1121 2326 1194 2388 ὡς
1243 2325 1661 2396 ἀπεστρεφόμην
1711 2325 1802 2381 καὶ

109 2413 511 2480 κακοδαίμονας
570 2409 765 2480 ἔλεγον
825 2417 1203 2482 φιλονείκους,
1258 2415 1484 2483 λάλους,
1544 2419 1801 2485 πλήκτας,
1826 2432 1869 2465 25

110 2504 428 2572 παροίνους,
467 2501 676 2564 πάντας
713 2501 992 2570 ὑβριστάς.

225 2590 310 2642 66.
358 2593 566 2657 Ταῦτα,
613 2590 809 2660 πάτερ,
855 2591 995 2659 πρὸς
1040 2591 1241 2644 τούσδε
1279 2593 1636 2662 μαρτύρησον
1683 2591 1802 2661 ἐμοὶ

113 2678 203 2732 καὶ
251 2681 444 2733 ἄλλοτε
490 2679 595 2745 ἤδη
643 2689 758 2741 τοῖς
804 2680 990 2747 φίλοις
1027 2678 1262 2748 προθεὶς
1300 2682 1377 2743 εἰς
1417 2682 1673 2750 διήγησιν
1710 2681 1801 2734 καὶ

232 2766 299 2826 23⁷
319 2782 449 2827 Paul.
484 2794 554 2835 ep.
589 2781 650 2824 ad
681 2781 814 2824 Rom.
843 2784 911 2837 12,
932 2784 986 2824 15

234 2877 256 2914 1
288 2872 398 2923 τοὺς
428 2886 504 2915 om
538 2872 582 2916 V
717 2873 743 2911 3
776 2866 1158 2926 βδελλυττόμενος
1191 2870 1235 2914 V
1363 2875 1390 2913 4
1422 2870 1498 2927 ὡς]
1532 2870 1613 2914 καὶ
1646 2871 1689 2913 V

116 2934 142 2972 δ
174 2930 412 2986 ἀθύρματι
437 2932 480 2975 L
602 2934 627 2972 6
652 2930 883 2972 παιδικῶν
901 2929 944 2970 L
1066 2933 1121 2972 12
1154 2935 1416 2985 μεταταῦτα
1434 2930 1531 2973 LV
1649 2933 1711 2972 16.
1735 2928 1801 2981 ἐξ·

115 2995 263 3047 αρχῆσ
287 2990 385 3033 LV
499 2994 553 3032 21
589 2983 946 3046 ἐβδελλυττόμην
979 2987 1023 3030 V
