2020 3146
243 79 348 131 144
820 58 1112 122 GREGORI'I
1143 75 1345 121 GYPRII

236 222 336 268 τοῦ
391 216 595 284 χρόνου
651 213 870 281 φύσεως
923 220 1101 266 τοῦτο.
1174 212 1222 265 6.
1262 213 1351 265 καὶ
1407 215 1510 282 χρή
1563 233 1625 281 γε
1671 214 1812 283 ὑμᾶς
1857 215 1929 283 μὴ

237 302 362 372 περὶ
400 303 620 370 τούτου,
661 301 768 354 εἴτε
806 303 1130 370 πρόσφατον
1170 306 1278 355 εἴτε
1315 300 1406 355 καὶ
1445 302 1614 355 πάλαι
1654 301 1929 372 ἠργμένον

236 393 297 445 τὸ
351 399 599 461 πρᾶγμα,
654 398 904 459 σκοπεῖν,
959 393 1017 442 τί
1066 392 1170 461 γὰρ
1225 397 1299 462 τῷ
1354 398 1454 444 τοῦ
1511 392 1727 444 δικαίου
1784 393 1928 463 λόγῳ

236 483 399 533 τοῦτό
432 500 494 548 γε
527 479 802 548 διαφέρει;
843 478 959 532 ἀλλ’
1000 479 1239 549 ἀκριβῶς
1271 479 1761 549 διασκεψαμένους,
1793 479 1930 533 ε’πὰν

192 592 211 624 5
236 569 412 636 κάμοῦ
447 568 704 638 λέγοντος
736 568 1103 638 ἀκροάσησθε,
1142 570 1345 638 πότερα
1377 570 1562 622 δίκαιά
1593 589 1655 637 γε
1682 578 1927 639 καρτερῶ

236 666 406 712 ταῦτα
445 658 477 728 ἢ
517 659 589 727 μὴ
638 658 823 710 δίκαια
865 656 1233 726 ἐλαυνόμενος
1278 667 1390 710 τῶν
1434 658 1728 728 πατρώων,
1775 659 1930 712 διδά-

236 762 390 801 σκειν
430 746 541 814 ε’μέ·
595 753 759 799 τοῦτο
801 746 930 816 γάρ,
986 750 1136 816 εἴπερ
1178 747 1310 799 ἄλλο
1351 766 1429 814 τι,
1468 754 1751 815 προσῆκον
1796 746 1931 817 ὑμῖν

235 845 350 899 τοῖς
401 837 698 900 δικάζουσι.
770 835 816 886 7.
857 832 1024 903 χωρὶς
1071 832 1132 887 δὲ
1177 835 1379 889 τούτου
1429 835 1495 888 οὐ
1544 833 1931 904 δυσμεναίνων

237 925 343 993 ἐγὼ
383 933 458 997 τῷ
489 923 655 993 πατρὶ
686 922 778 977 καὶ
811 921 1184 987 ἀντεπεξιέναι
1217 925 1592 991 σκοπούμενος
1624 923 1931 994 ἀντιλέγειν

170 1036 212 1070 10
237 1013 517 1083 ἐπιχειρῶ,
573 1011 689 1066 ἀλλ’
752 1013 935 1081 ὥσπερ
991 1011 1200 1075 ἐκεῖνος
1255 1013 1474 1065 δικαίαν
1527 1011 1741 1066 ἐθέλων
1788 1010 1929 1067 εἶναι

234 1104 335 1171 τὴν
397 1100 739 1171 ἀποκήρυξιν
800 1101 936 1171 ὑμῖν
997 1109 1097 1154 τοῦ
1151 1102 1469 1170 πράγματος
1524 1101 1788 1171 ἐχρήσατο
1848 1104 1931 1156 δι-

234 1201 458 1254 κασταῖς
504 1192 582 1254 εἰς
628 1189 830 1260 μέσους
876 1191 973 1253 τὰς
1019 1191 1197 1253 αἰτίας
1241 1189 1476 1259 προθεὶς
1522 1190 1611 1244 καὶ
1659 1197 1734 1264 τῷ
1783 1194 1929 1263 λόγῳ

235 1279 438 1349 ἐπάρας
484 1281 561 1343 εἰς
608 1281 874 1348 δύναμιν,
929 1279 1072 1332 οὕτω
1121 1280 1240 1332 δεῖν
1296 1273 1446 1347 οἶμαι
1496 1276 1632 1348 κάμὲ
1686 1288 1929 1349 ποιῆσαι,

235 1377 428 1437 στῆναι
488 1370 625 1422 κατὰ
685 1377 795 1422 τῶν
860 1367 1214 1437 ἐγκλημάτων
1281 1369 1372 1421 καὶ
1440 1368 1930 1422 ἀποσκευάσασθαι

170 1481 210 1514 15
234 1464 589 1527 πειραθῆναι,
628 1459 732 1511 κᾶν
771 1478 823 1511 τι
864 1457 1047 1526 λέγειν
1081 1457 1240 1526 δόξω,
1279 1445 1391 1511 τῶν
1423 1459 1654 1511 δικαίων
1686 1456 1931 1525 ἐννόμως

235 1558 439 1616 τυχεῖν,
479 1546 549 1599 ἂν
590 1547 652 1600 δὲ
690 1549 932 1617 κρατήσῃ
972 1548 1037 1600 τὰ
1076 1554 1176 1599 τοῦ
1215 1548 1436 1616 πατρός,
1477 1545 1791 1616 στέρξαι-τε
1830 1548 1932 1616 τὴν

148 1656 191 1698 p.
220 1647 245 1685 5
269 1656 326 1698 pr
412 1637 713 1704 καταδίκην
743 1636 833 1689 καὶ
867 1634 1085 1688 ἀπιέναι
1115 1634 1584 1705 κατῃσχυμμένον,
1620 1637 1626 1699 Ι
1661 1655 1931 1704 κατεγνω-

235 1728 366 1778 κότα
404 1724 496 1778 καὶ
536 1725 707 1778 αὐτὸν
746 1723 1000 1793 ἐμαυτοῦ.
1041 1724 1090 1778 8.
1131 1725 1214 1778 ὅτι
1253 1724 1316 1777 δὲ
1354 1722 1444 1777 καὶ
1483 1725 1631 1776 ἄκων
1672 1720 1814 1777 εἶναι
1855 1726 1931 1786 εἰς

235 1816 363 1876 τοὺς
415 1816 690 1883 παρόντας
745 1815 943 1882 λόγους
981 1812 1247 1882 κατέστην
1287 1811 1418 1881 ἐγώ,
1478 1811 1662 1875 οὐδεὶς
1701 1812 1930 1882 ἀντερεῖ.

169 1925 213 1958 20
237 1903 296 1955 τὸ
337 1904 442 1972 γὰρ
482 1902 785 1971 ἠδικῆσθαι
827 1901 981 1966 δόξαι
1021 1903 1094 1965 ὡς
1134 1903 1318 1964 οὐδεὶς
1350 1900 1565 1954 οὐδέπω
1598 1910 1709 1954 τῶν
1749 1903 1932 1955 ἄλλων

235 1989 324 2044 καὶ
366 1991 656 2060 εὐεργέτου
696 1991 799 2058 μὲν
836 1989 970 2061 ἔργα
1009 1989 1156 2060 ἔχειν
1195 1992 1499 2058 δεικνύναι,
1544 1989 1664 2050 ἀντὶ
1706 1987 1765 2042 δὲ
1806 1991 1930 2043 τού-

235 2099 347 2132 των
386 2079 611 2133 ἀκούειν
650 2081 760 2148 ἅμα
798 2079 888 2133 καὶ
940 2080 1173 2148 πάσχειν
1219 2081 1284 2132 τὰ
1330 2089 1441 2132 τῶν
1489 2077 1801 2146 ἐπιβούλων
1841 2080 1930 2131 καὶ

237 2166 537 2237 λυμεώνων
598 2171 692 2239 βίᾳ
754 2174 1002 2222 συνωθεῖ
1062 2170 1199 2236 πρὸς
1260 2169 1321 2221 τὸ
1387 2171 1534 2237 βῆμα
1595 2168 1683 2220 καὶ
1745 2169 1930 2220 πείθει

237 2256 761 2326 ἀποσκευασάμενον
814 2258 915 2325 τὴν
973 2258 1110 2310 αἰδῶ
1172 2257 1243 2326 ἣν
1297 2250 1449 2326 εἶχον
1503 2254 1561 2309 ἐκ
1614 2255 1746 2308 νέου
1792 2256 1931 2325 πρὸς

170 2368 210 2401 25
236 2346 333 2398 τὸν
378 2344 584 2413 πατέρα
639 2345 803 2414 ὁμόσε
850 2354 966 2408 τοῖς
1016 2347 1201 2414 λόγοις
1241 2344 1395 2398 ἰέναι.
1450 2345 1618 2415 ταύτῃ
1665 2364 1776 2410 τοι,
1824 2345 1929 2396 κᾶν

236 2453 289 2486 τι
314 2432 583 2496 λελέξεται
609 2433 776 2498 δόξαν
794 2437 922 2502 ἔχον
945 2435 1082 2487 κατὰ
1105 2442 1204 2487 τοῦ
1230 2436 1624 2502 γεγεννηκότος
1653 2434 1930 2502 εἰρῆσθαι,

237 2522 574 2590 συγγνώμην
613 2524 745 2574 αἰτῶ
785 2522 874 2575 καὶ
915 2524 1051 2591 πρὸς
1090 2530 1189 2576 τοῦ
1227 2524 1433 2591 πατρὸς
1471 2523 1562 2575 καὶ
1600 2522 1736 2591 πρὸς
1773 2521 1930 2588 ὑμῶν

237 2610 329 2662 καὶ
368 2610 504 2679 πρὸς
541 2619 652 2662 τῶν
693 2612 876 2663 ἄλλων
917 2612 1201 2678 ἁπάντων,
1248 2612 1321 2673 ὡς
1367 2611 1489 2663 οὔτι
1539 2609 1755 2672 ἑκόντος
1795 2607 1929 2677 ἐμοῦ

359 2731 413 2769 25
446 2725 552 2770 Eur.
588 2725 661 2769 Or.
689 2731 788 2769 921.
821 2726 941 2770 Plat.
973 2740 1067 2783 rep.
1093 2726 1135 2769 X
1165 2742 1211 2783 p.
1237 2730 1322 2770 610
1341 2725 1373 2769 C

357 2835 384 2873 4
417 2829 630 2886 διαφέρει
661 2829 827 2886 scripsi
888 2829 1106 2884 διαφέροι
1130 2829 1279 2884 LVpr
1399 2833 1425 2872 8
1458 2828 1724 2881 δικάζουσιν
1749 2843 1811 2884 pr

242 2893 296 2931 17
328 2887 675 2947 κατῃσχυμένον
700 2889 743 2932 L
