2044 3168
236 114 450 159 PATRIS
483 115 695 161 CAEDIS
727 115 925 159 FILIAE
959 114 1310 169 GENERIQUE
1338 116 1637 162 DEFENSIO
1701 117 1806 173 357

117 249 204 304 ἐπὶ
242 252 345 319 τὴν
389 252 554 304 πόλιν
594 251 758 314 ὅλους
797 250 973 320 ἀφῆκε
1010 253 1142 314 τοὺς
1183 252 1490 322 λογισμούς.
1535 253 1620 307 63.
1661 247 1809 307 εἶδεν

116 341 190 404 ὡς
228 341 289 394 τὸ
329 337 503 409 μηδὲν
537 338 663 410 παρ’
704 338 936 402 ἐκείνοις
967 341 1026 393 οί
1053 341 1213 409 νόμοι
1244 341 1332 394 καὶ
1364 343 1430 394 τὰ
1465 349 1559 410 τῆς
1597 344 1808 405 πόλεως

113 431 497 500 περιύβρισται
535 430 626 483 καὶ
664 432 973 499 παραυτίκα
1014 429 1140 492 ὅλος
1186 438 1285 482 τοῦ
1326 431 1544 484 δικαίου
1584 431 1674 484 καὶ
1713 440 1807 501 τῆς

113 518 466 589 θρεψαμένης
527 521 773 587 γίγνεται
834 517 925 571 καὶ
980 519 1277 588 δραμάτων
1331 519 1431 588 τὴν
1486 521 1668 574 οἰκίαν
1721 520 1805 574 ἐν·

113 609 364 678 έπλησεν,
404 606 477 661 ἵν’
521 605 635 678 ἔχοι
675 604 849 676 μηδὲν
888 607 920 675 ἡ
960 609 1118 671 πόλις
1157 609 1520 678 αἰσχύνεσθαι
1551 610 1640 662 καὶ
1673 607 1804 664 οὐδὲ
1839 631 1871 664 ι

112 691 388 752 δικαστῶν
433 696 523 751 καὶ
571 699 810 767 βήματος
857 695 944 751 ἐπὶ
993 699 1210 761 τούτοις
1255 697 1536 767 ἠνέσχετο,
1584 697 1702 752 ἀλλ’
1750 697 1803 762 ἐξ

110 783 174 855 ἧς
213 789 412 856 οἰκίας,
452 785 546 857 ἀφ’
595 782 662 840 οὗ
702 785 900 855 γένους
939 788 1000 840 τὸ
1044 788 1216 840 κακὸν
1255 786 1496 856 ἀνεφύη,
1535 786 1660 858 παρ’
1708 788 1804 841 αὐ-

110 887 222 930 τῶν
260 875 487 930 ἐκείνων
526 878 705 947 ἔκρινε
746 876 865 929 δεῖν
904 873 1253 945 ἐκκεκόφθαι.

221 980 306 1032 64.
341 977 457 1032 Ὅτι
505 976 567 1032 δὲ
613 978 704 1032 καὶ
751 981 816 1032 τὰ
862 988 958 1049 τῆς
1004 981 1265 1049 τιμωρίας
1312 978 1366 1042 ἐς
1421 977 1587 1033 οὐδὲν
1640 983 1800 1047 μείζω

107 1077 208 1122 τοῦ
247 1069 685 1138 πονηρεύματος,
727 1067 1159 1137 ἀναλογίσασθε,
1201 1063 1242 1121 ὦ
1284 1069 1508 1138 ἄνδρες,
1557 1069 1661 1123 ὅσα
1708 1068 1800 1123 καὶ
1826 1091 1868 1124 ιο

109 1157 255 1221 ὅπως
291 1160 422 1221 τοὺς
452 1162 750 1226 τηλικαῦτα
783 1156 1255 1227 ἐξαμαρτάνοντας
1286 1156 1314 1211 6
1346 1157 1654 1227 νομοθέτης
1685 1156 1800 1213 ἐκό-

107 1251 286 1300 λασεν.
339 1241 450 1300 εἶδε
488 1246 741 1310 κάκεῖνος
787 1248 847 1300 τὸ
894 1249 1037 1300 πολὺ
1083 1254 1183 1300 τοῦ
1222 1249 1672 1317 κακουργήματος
1709 1249 1800 1302 καὶ

106 1339 414 1405 παραυτίκα
456 1334 543 1389 ἐπὶ
581 1337 683 1405 τὴν
722 1337 945 1406 σφαγὴν
984 1337 1201 1406 ὥρμησε
1250 1334 1342 1389 καὶ
1382 1336 1443 1389 τὸ
1484 1335 1642 1405 ξίφος
1680 1335 1800 1390 ἐπέ-

106 1439 266 1479 σεισε.
315 1427 464 1489 τίνος
511 1422 615 1479 οὖν
662 1426 731 1479 ἄν
777 1425 860 1495 εἴη
909 1428 1102 1494 λόγου,
1149 1427 1309 1488 ποίας
1355 1422 1415 1478 δὲ
1464 1426 1618 1495 δίκης
1662 1424 1800 1494 παρ’

104 1514 239 1583 ὑμῖν
286 1515 672 1582 εὐθυνόμενον
712 1513 934 1568 ἑστάναι
973 1516 1072 1569 τὸν
1111 1515 1247 1585 ἅπερ
1289 1514 1357 1568 ἂν
1396 1515 1487 1568 καὶ
1524 1514 1680 1584 ὑμεῖς
1710 1513 1797 1585 ἐρ·
1822 1537 1863 1570 15

103 1603 383 1671 γάσασθαι
418 1604 425 1673 Ι
461 1603 562 1657 οὐκ
601 1603 671 1656 ἂν
710 1603 1118 1675 ἀποκνήσαντα;
1164 1603 1197 1673 ἢ
1237 1605 1309 1673 μὴ
1349 1602 1547 1674 ξίφους
1584 1603 1613 1657 6
1660 1609 1783 1653 RIV
1799 1614 1885 1654 606

103 1691 410 1761 νομοθέτης
470 1690 624 1746 τουτὶ
684 1694 746 1746 τὸ
801 1694 990 1747 δεινὸν
1052 1684 1366 1762 ἐτιμήσατο;
1429 1691 1645 1756 ἐπέξιθί
1702 1713 1796 1763 μοι

102 1783 164 1836 τὸ
211 1782 431 1851 γράμμα
485 1780 575 1835 καὶ
623 1790 722 1835 τοῦ
769 1785 1007 1852 βήματος
1055 1782 1446 1852 ἀποστήσομαι.
1516 1781 1600 1836 65.
1649 1783 1696 1835 εἰ
1737 1781 1797 1835 δ’

103 1867 224 1939 οὖν,
265 1869 383 1924 ἀλλ’
430 1871 513 1924 ὅτι
553 1873 625 1940 μὴ
665 1872 856 1940 μοιχὸς
894 1870 1101 1935 ἐκεῖνος
1140 1870 1396 1941 ἐξέλεγχε.
1445 1873 1492 1925 εἰ
1532 1869 1592 1924 δὲ
1630 1879 1794 1925 τοῦτο

100 1957 202 2027 μὲν
239 1961 376 2030 πρὸς
414 1967 508 2028 τῆς
546 1959 834 2028 ἀληθείας,
874 1959 1052 2014 έκεῖνο
1093 1958 1154 2014 δὲ
1192 1959 1320 2031 παρ’
1365 1960 1545 2030 ἡμῶν,
1583 1964 1794 2028 μᾶλλον
1818 1984 1861 2016 20

102 2046 162 2102 δὲ
201 2049 308 2102 ὑπὸ
349 2058 461 2102 τῶν
498 2050 685 2118 νόμων
723 2046 1031 2121 ἀφῄρησαι,
1079 2051 1150 2120 μὴ
1198 2050 1268 2103 σύ
1315 2069 1377 2118 γε
1416 2049 1593 2119 μάτην
1629 2049 1792 2118 γίνου

220 2259 244 2297 2
269 2254 468 2311 τομηδὲν
488 2256 532 2300 L
653 2260 681 2299 4
706 2253 882 2312 γίνεται
901 2255 1046 2301 ΜαΟῑ
1057 2257 1113 2301 Vi
1139 2258 1146 2313 Ι
1174 2253 1446 2312 δραμόντων
1465 2256 1523 2300 Vi
1642 2259 1668 2298 5
1695 2253 1791 2312 ἔχοι

99 2313 265 2370 scripsi
297 2328 321 2358 e
348 2315 516 2359 ClViB
528 2316 596 2358 Va
673 2314 752 2372 ἔχη
778 2315 990 2360 LPaMa
1022 2315 1112 2359 edd
1250 2320 1275 2359 9
1308 2313 1483 2372 μωρίας
1505 2316 1551 2359 Β
1580 2317 1600 2371 ’1
1643 2313 1690 2364 ἐς
1718 2314 1791 2357 in-

98 2374 221 2417 serui
254 2387 279 2418 e
307 2374 563 2419 MaClViB
579 2375 645 2418 Va
706 2388 781 2418 om
806 2375 926 2419 LPa
949 2375 1039 2418 edd
1163 2379 1217 2418 10
1250 2376 1424 2431 ἀναλογ
1428 2373 1623 2419 ίσασθαι
1646 2374 1791 2418 Macl

221 2438 271 2475 11
314 2436 565 2489 τηλικαῦτα
591 2433 679 2476 Μα
718 2433 799 2477 sed
831 2440 981 2477 καῦτα
1019 2434 1069 2478 in
1100 2447 1176 2478 ras
1208 2434 1278 2478 m³
1327 2436 1333 2489 Ι
1384 2433 1407 2477 ὁ
1441 2447 1513 2477 om
1548 2433 1649 2476 Mor

102 2496 154 2534 12
189 2488 286 2537 οἶδε
311 2494 356 2537 Β
494 2497 547 2536 13
580 2490 846 2548 παραυτίκα
877 2493 1043 2550 scripsi
1074 2507 1098 2537 e
1127 2494 1417 2539 PaMaC'lVi
1428 2494 1496 2538 Va
1555 2489 1670 2546 παρ’
1707 2491 1788 2535 αὐ-

97 2548 203 2594 τίκα
231 2553 322 2595 LB
362 2551 453 2594 edd
503 2553 509 2607 Ι
560 2551 787 2596 ἐπέσεισεν
821 2553 910 2597 Μα
1054 2557 1108 2596 15
1148 2552 1257 2609 ἡμῖν
1289 2552 1398 2596 libri
1430 2552 1542 2595 Fert
1573 2554 1620 2594 et
1652 2568 1705 2608 γρ
1738 2550 1788 2594 in

99 2623 232 2667 marg
248 2610 350 2655 Mor
410 2624 511 2655 corr
526 2611 628 2655 Mor
751 2615 803 2654 16
836 2611 1178 2667 ἀπωκνήσαντα
1202 2613 1378 2657 LPaCl
1403 2611 1513 2655 Fert
1572 2608 1787 2664 ἀπωκνή-

99 2682 203 2712 σατε
227 2671 315 2714 Μα
347 2670 428 2714 sed
453 2687 507 2727 γρ
532 2669 875 2725 ἀπωκνήσαντα
906 2685 1121 2728 suprascr
1144 2671 1448 2725 111²,ViBVa
1510 2683 1611 2713 corr
1641 2669 1743 2712 Mor
1776 2668 1782 2719 Ι

98 2725 125 2783 ἢ
144 2728 307 2785 scripsi
326 2731 512 2773 auctore
530 2729 598 2772 Re
660 2730 701 2773 εἰ
724 2728 834 2772 libri
858 2730 948 2774 edd
1074 2734 1126 2774 18
1151 2746 1193 2774 τι
1219 2732 1328 2775 ante
1352 2727 1669 2785 ἀποστήσομαι
1694 2726 1785 2771 edd

157 2787 307 2831 delevi
368 2787 683 2844 ὑποστήσομαι
714 2788 825 2832 Ferr
961 2793 1014 2832 19
1050 2788 1231 2862 ἐξήλεγχ
1235 2805 1255 2833 ε
1278 2790 1404 2835 BVa
1526 2792 1579 2830 21
1612 2794 1704 2831 τῶν
1735 2786 1785 2829 in

96 2847 308 2950 ι’,ξιείΤΜιι8
335 2851 340 2903 l
369 2847 422 2891 σύ
455 2863 505 2907 γε
529 2846 678 2906 μάτην
710 2847 896 2907 reposui
922 2861 946 2892 e
970 2847 1101 2893 libris
1163 2849 1313 2907 μάτην
1338 2848 1445 2906 σύγε
1470 2847 1560 2890 edd
1587 2848 1594 2903 1
1622 2843 1784 2905 γίγνου

194 2920 224 2952 a
