2014 3158
148 607 166 639 5

193 95 301 148 568
635 93 863 139 LIBANII
891 93 1283 138 DECLAMATIO
1315 95 1460 140 XLVI

192 236 314 300 θος,
353 230 498 284 οὕτω
537 231 627 284 καὶ
666 231 768 299 τὴν
808 230 981 300 ἀρχὴν
1019 231 1092 298 μὴ
1133 238 1329 299 γαμεῖν
1367 231 1457 285 καὶ
1500 240 1614 294 τοῖς
1653 234 1886 303 πρώτοις

192 318 482 386 ἀρκεῖσθαι
522 319 692 372 πάλιν
725 318 946 372 δέδοται
977 324 1156 381 καλῶς
1186 317 1278 372 καὶ
1311 323 1713 389 προσηκόντως.
1745 320 1884 375 ἐπει-

193 409 260 476 δὴ
301 409 403 477 γὰρ
445 415 559 471 τοῖς
597 408 698 475 μὲν
749 409 1087 476 συνήνεγκεν
1126 406 1159 475 ἡ
1199 415 1297 461 τοῦ
1345 409 1663 478 πράγματος
1703 411 1887 480 φύσις,

191 506 307 559 τοῖς
361 494 420 549 δὲ
469 497 571 550 οὐκ
622 495 1031 564 ἐλυσιτέλησεν,
1078 495 1110 564 ἡ
1151 505 1312 567 πεῖρα
1366 500 1497 560 τοὺς
1550 498 1652 565 μὲν
1706 502 1887 569 φοβεῖ,

192 587 321 648 τοὺς
376 583 436 638 δὲ
494 584 792 654 ἐφέλκεται.
855 586 939 639 33.
995 586 1067 654 μὴ
1122 588 1317 653 τοίνυν
1372 585 1593 656 ὁριστὴς
1649 586 1677 640 ὁ
1733 589 1888 642 δεῖνα

191 673 473 742 γιγνέσθω
520 675 647 744 περὶ
692 676 908 728 τούτων
955 675 1015 728 ἐν
1063 667 1144 737 οἷς
1191 673 1282 728 καὶ
1328 675 1389 728 τὸ
1428 674 1650 744 βέλτιον
1695 675 1786 730 καὶ
1824 679 1885 731 τὸ

191 773 379 833 χεῖρον
426 762 589 836 ἑτέρῳ
638 764 1035 817 κινδυνεύεται.
1091 765 1138 816 εἰ
1185 764 1380 817 τοίνυν
1426 763 1517 817 καὶ
1567 766 1667 834 τὴν
1714 765 1888 835 ἀρχὴν

191 851 613 921 ἀπεστρεφόμην
651 853 750 906 τὸν
797 852 1000 921 γάμον,
1048 852 1150 905 οὐκ
1199 850 1269 904 ἂν
1315 852 1563 923 ἠπόρησα
1612 856 1795 923 λόγων
1834 858 1892 908 οἳ

190 944 490 994 πείθουσιν
543 941 686 993 οὕτω
742 949 989 1011 φρονεῖν.
1053 941 1292 1009 διῆλθον
1354 941 1425 994 ἂν
1478 943 1574 1004 τὰς
1624 945 1887 1012 μοιχείας,

129 1052 170 1083 ιο
195 1030 436 1099 διῆλθον
474 1029 545 1082 ἂν
581 1031 800 1082 παίδων
840 1029 1133 1097 ἀποβολάς,
1172 1028 1355 1097 μέθην
1386 1040 1684 1100 γυναικῶν,
1723 1031 1887 1102 ἀκρα-

126 1495 165 1526 15

193 1120 336 1187 σίαν,
376 1119 590 1187 λαλιάν,
632 1118 972 1185 ἀλαζονείαν,
1011 1120 1217 1181 πολλὰς
1255 1121 1564 1191 τραγῳδίας
1597 1119 1656 1173 ἐκ
1696 1119 1888 1190 γάμων

191 1206 570 1277 γεγενημένας.

302 1295 387 1348 34.
426 1295 583 1350 Ἀλλὰ
627 1302 735 1348 νῦν
782 1295 849 1348 οὐ
905 1294 1046 1364 λέγω
1102 1296 1316 1349 τούτων
1364 1295 1549 1365 οὐδέν,
1601 1297 1668 1350 οὐ
1715 1281 1887 1352 ταῦτά

189 1404 284 1451 μοι
323 1383 570 1448 δοξάζειν
607 1383 732 1455 περὶ
773 1391 871 1437 τοῦ
911 1385 1227 1453 πράγματος
1272 1381 1479 1438 ἔδωκεν
1521 1385 1554 1454 ἡ
1595 1387 1886 1457 δυστυχής,

191 1472 329 1526 ἀλλὰ
367 1475 424 1526 τί
460 1493 625 1542 φημι;
665 1475 835 1541 λόγον
867 1472 1080 1526 ἁπλοῦν
1111 1471 1201 1526 καὶ
1235 1474 1464 1527 δίκαιον.
1505 1476 1574 1527 σὺ
1608 1474 1670 1528 δὲ
1699 1472 1888 1546 πρᾴως

190 1562 445 1615 ἄκουσον.
500 1562 572 1631 μὴ
621 1563 1037 1633 καταναγκάσης
1083 1563 1277 1615 ἄδικόν
1332 1581 1398 1631 με
1451 1562 1716 1630 γενέσθαι
1759 1563 1886 1634 περὶ

184 1651 291 1730 τὴν
321 1649 594 1720 κειμένην,
636 1648 677 1704 ὦ
711 1651 900 1721 πάτερ,
931 1648 1069 1720 μηδὲ
1101 1653 1201 1720 τὴν
1233 1650 1443 1719 ἐκείνης
1474 1654 1887 1722 μεγαλοψυχίαν

191 1740 559 1810 ἀγνωμοσύνῃ
584 1742 804 1810 τρόπων
830 1739 1173 1809 ἀμείψασθαι
1197 1739 1337 1810 μηδὲ
1359 1741 1458 1793 τὸν
1482 1749 1689 1795 σαυτοῦ
1716 1728 1886 1795 παῖδα

310 1861 335 1899 2
376 1855 649 1913 ἐπιχείρημα
680 1857 774 1900 ἀπὸ
805 1862 885 1912 τῆς
922 1854 1074 1906 αἰτίας
1100 1857 1278 1911 OWolf
1399 1861 1424 1899 5
1467 1858 1714 1914 ἐνθύμημα
1738 1858 1834 1902 Ath
1852 1858 1889 1902 Ο

199 1916 330 1970 Wolf
461 1921 482 1959 7
519 1913 758 1966 ἀντίθεσις
790 1914 1094 1971 μεταστατική
1117 1916 1211 1959 Ath
1231 1915 1268 1959 C
1288 1916 1422 1970 Wolf
1557 1920 1581 1959 9
1614 1914 1885 1973 ἐπιχείρημα

192 1974 285 2019 ἀπὸ
325 1981 406 2018 τοῦ
445 1973 714 2031 πράγματος
737 1975 831 2018 Ath
850 1975 887 2019 Ο
1029 1979 1081 2017 16
1127 1972 1447 2019 ἀντιστατικόν
1471 1976 1565 2019 Ath
1585 1976 1622 2020 O
1644 1976 1775 2029 Wolf

195 2039 247 2076 18
288 2031 339 2078 τὸ
381 2032 691 2091 ἀμείβομαι
723 2031 1039 2090 (ἀμείψασθαι
1065 2033 1192 2091 Ma')
1227 2032 1302 2079 ὅτε
1335 2033 1546 2090 σημαίνει
1576 2032 1628 2079 τὸ
1663 2035 1884 2089 δεξιοῦ-

191 2109 311 2149 μαι,
338 2092 430 2150 ἔχει
453 2092 536 2148 τὴν
563 2092 780 2145 σύνταξιν
805 2090 899 2137 ἀπὸ
925 2093 1184 2148 αἰτιατικῆς
1207 2093 1272 2144 εἰς
1297 2092 1502 2148 δοτικήν,
1529 2094 1590 2145 ὡς
1612 2094 1884 2138 κάνταῦθα·

192 2151 266 2196 ’ὅτε
299 2151 349 2195 δὲ
381 2151 432 2195 τὸ
472 2151 853 2206 ἀνταλλάττω,
894 2151 988 2195 ἀπὸ
1029 2154 1216 2209 δοτικῆς
1256 2152 1321 2203 εἰς
1353 2152 1628 2208 αἰτιατικήν.
1668 2153 1884 2203 ὡσαύτως

191 2211 352 2255 καὶτὸ
386 2212 698 2267 δωροῦμαι,
739 2209 813 2254 ὅτε
854 2209 1065 2267 σημαίνει
1104 2211 1155 2255 τὸ
1197 2212 1518 2268 δεξιοῦμαι,
1558 2211 1651 2256 ἀπὸ
1691 2211 1884 2256 αἰτιατι-

314 2318 336 2357 1
371 2314 432 2370 μὴ
465 2320 630 2370 γαμεῖν
661 2312 746 2369 τὴν
778 2314 925 2371 ἀρχὴν
951 2314 1097 2360 MaGl
1131 2317 1137 2371 Ι
1176 2314 1413 2373 τηναρχὴν
1436 2316 1482 2359 Β
1518 2317 1525 2372 Ι
1552 2314 1613 2371 μὴ
1644 2314 1769 2358 inser
1791 2315 1885 2358 Ath

254 2387 328 2416 om
362 2373 480 2417 VVa
601 2377 625 2415 3
660 2372 911 2430 συνήνεγκε
942 2373 1212 2430 πράγματος
1236 2374 1383 2419 ΜαΟῑ
1501 2378 1529 2416 4
1559 2374 1666 2430 post
1690 2371 1884 2417 ἐλυσιτέ-

192 2434 327 2488 λησεν
360 2445 540 2476 comma
571 2431 707 2487 posui
741 2446 794 2474 ex
819 2433 935 2476 HLi
997 2447 1072 2476 om
1103 2432 1272 2488 reliqui
1303 2432 1413 2476 libri
1445 2433 1536 2478 edd
1564 2434 1570 2490 Ι
1609 2433 1717 2488 post
1745 2439 1885 2486 πεῖρα

194 2504 373 2534 comma
390 2491 540 2535 Athol
571 2490 693 2543 Fert,
728 2490 860 2534 colon
891 2491 1061 2546 reliqui
1092 2491 1202 2535 libri
1225 2491 1328 2535 Mor
1350 2492 1418 2535 Re
1480 2490 1631 2535 delevi
1658 2493 1664 2547 Ι
1693 2491 1887 2548 ἐκφοβεῖ

193 2551 268 2595 La
300 2550 382 2593 sed
413 2563 470 2594 ex
502 2549 665 2608 ἐφόβεὶ
697 2563 798 2593 corr
822 2565 848 2606 q
991 2555 1016 2593 5
1048 2549 1291 2604 ὑφέλκεται
1320 2551 1410 2594 Μα
1442 2550 1522 2593 sed
1554 2551 1581 2594 ὑ
1620 2550 1669 2593 111
1707 2565 1782 2594 ras
1814 2549 1884 2592 m³

314 2614 339 2653 6
371 2607 572 2665 γινέσθω
599 2610 655 2653 H
660 2608 763 2653 VLi
813 2614 818 2664 Ι
868 2606 919 2653 τὸ
952 2617 1109 2666 χεῖρον
1140 2610 1220 2653 καὶ
1250 2610 1302 2654 τὸ
1335 2607 1513 2667 βέλτιον
1541 2610 1765 2654 LaMaoz

195 2672 216 2709 7
250 2668 486 2725 τηναρχὴν
511 2669 556 2712 Β
677 2671 703 2711 8
735 2666 949 2724 ἠπόρησα
972 2669 1024 2714 ΟΖ
1055 2669 1137 2712 sed
1163 2669 1196 2725 ’ἠ
1229 2681 1284 2712 ex
1316 2669 1343 2712 ὑ
1369 2681 1470 2711 corr
1492 2667 1563 2711 m²
1684 2673 1738 2712 10
1770 2667 1883 2712 ὑπο-

194 2726 333 2783 βολὰς
358 2726 503 2770 Cobet
527 2726 627 2770 Coll
651 2730 737 2770 298
771 2727 820 2769 at
850 2729 1035 2772 παίδων
1066 2726 1302 2785 ἀποβολάς
1326 2727 1544 2772 convenit
1566 2727 1672 2771 usui
1695 2726 1882 2770 Libanii

314 2791 367 2828 14
399 2786 506 2839 περὶ
530 2792 612 2829 τοῦ
636 2785 906 2842 πράγματος
930 2785 1142 2839 δοξάζειν
1166 2786 1313 2830 ΜαΟΖ
1338 2788 1344 2842 Ι
1372 2784 1592 2843 δυστυχία
1617 2786 1765 2831 ΜαΟΖ

197 2849 249 2887 15
282 2844 442 2899 πράως
472 2843 582 2887 libri
607 2844 698 2887 edd
821 2850 873 2888 16
907 2846 1223 2902 καταδωιάσης
1247 2846 1352 2890 HV
1483 2849 1535 2887 17
1571 2846 1617 2888 et
1651 2849 1704 2888 18
1737 2844 1796 2901 μὴ
1829 2842 1880 2888 δὲ

194 2904 599 2948 HLiAthMaClB
632 2904 742 2947 Ferr
