2044 3168
238 113 346 166 326
685 113 952 173 [LIBANII]
984 113 1374 159 DECLAMATIO
1405 115 1483 159 XL

237 250 336 303 τὸν
381 247 587 317 πατέρα
633 249 847 302 ἀδικεῖν
894 248 1189 319 ἀρξάμενοι
1239 251 1372 319 μετὰ
1426 249 1516 304 καὶ
1570 259 1669 305 τοῦ
1721 253 1926 316 παντὸς

237 337 449 407 γένους,
488 340 622 406 μετὰ
659 346 754 408 τῆς
793 339 922 408 ὅλης
959 340 1167 402 πόλεως
1204 340 1292 392 καὶ
1335 338 1491 393 αὐτοὶ
1531 338 1619 394 ἐπὶ
1651 349 1795 410 σφᾶς
1833 341 1925 394 αὐ-

235 430 364 491 τοὺς
403 426 705 498 μονονουχὶ
751 428 813 481 τὸ
863 427 1021 498 ξίφος
1067 430 1295 499 ἄραντες
1339 427 1431 482 καὶ
1472 429 1500 483 6
1540 431 1716 499 πατὴρ
1756 429 1784 483 ὁ
1825 431 1925 499 τὴν

235 516 404 587 ὕβριν
441 525 540 570 τοῦ
579 516 777 586 γένους
816 516 1050 580 ἐκκόψας
1089 516 1180 572 καὶ
1212 519 1272 571 τὸ
1305 527 1400 587 τῆς
1431 519 1641 582 πόλεως
1672 519 1926 590 εὔφημον

191 627 211 659 5
237 605 297 659 ἐν
335 608 550 660 πλείονι
589 614 689 660 τοῦ
728 608 903 676 πατὴρ
946 601 1088 661 εἶναι
1126 606 1376 677 θέμενος.

901 783 977 838 ‘H
1006 784 1249 855 μελέτη.

350 903 394 956 1.
433 906 509 957 Εἰ
559 905 631 973 μὴ
686 903 922 974 πατέρας
975 904 1117 974 ὑμᾶς
1172 905 1334 968 ὄντας
1391 903 1568 976 ᾔδειν,
1616 902 1657 958 ὦ
1709 905 1925 975 ἄνδρες,

234 993 369 1062 τάχα
415 1013 468 1046 τι
514 991 605 1045 καὶ
655 992 836 1061 λέγειν
891 995 1078 1046 δοκεῖν
1132 992 1288 1065 ᾤμην
1342 993 1412 1047 ἂν
1456 995 1554 1047 τὸν
1599 996 1924 1063 κατήγορον,

232 1082 323 1135 καὶ
362 1082 426 1134 τὰ
465 1081 718 1151 πατέρων
757 1081 818 1135 ἐν
865 1082 932 1136 οὐ
979 1082 1215 1152 πατράσι
1262 1083 1583 1150 διαβάλλειν
1637 1082 1926 1153 ἐπιχειρῶν

167 1191 210 1224 10
232 1167 303 1240 ἧν
334 1170 404 1224 ἂν
436 1167 614 1239 οὗτος,
649 1165 818 1240 οἶμαι,
850 1174 992 1225 πολὺ
1025 1173 1426 1243 πιθανώτερος·
1460 1171 1576 1226 ἐπεὶ
1609 1170 1668 1225 δὲ
1699 1170 1925 1242 πατέρες

231 1260 333 1329 μὲν
371 1252 527 1329 ὑμεῖς
565 1258 656 1313 καὶ
695 1261 797 1328 τὴν
835 1259 959 1330 περὶ
998 1263 1128 1323 τοὺς
1159 1263 1359 1324 παῖδας
1391 1262 1791 1329 φιλοστοργίαν
1823 1260 1924 1314 οὐκ

232 1349 498 1418 ἀγνοεῖτε,
538 1348 627 1402 καὶ
661 1357 823 1403 τοῦτο
855 1350 1027 1417 μόνον
1062 1349 1090 1403 6
1123 1351 1426 1419 κατήγορος
1457 1348 1766 1420 ἀφελέσθαι
1789 1350 1924 1419 <με>

143 1443 263 1488 RIV
279 1448 366 1487 584
417 1436 421 1509 1
464 1438 597 1507 μετὰ
635 1438 725 1491 καὶ
764 1446 859 1506 τῆς
909 1439 1084 1508 Τύχης
1122 1439 1224 1492 οὐκ
1265 1443 1476 1508 ἴσχυσε,
1515 1440 1692 1508 πατὴρ
1733 1439 1794 1492 δὲ
1833 1437 1923 1493 καὶ

232 1526 398 1590 αὐτὸς
437 1528 710 1596 δυστυχὴς
747 1527 849 1596 μὲν
888 1528 1064 1590 ἄλλως
1094 1526 1179 1581 καὶ
1223 1526 1474 1598 πατέρων
1513 1527 1773 1581 ἁπάντων
1811 1526 1924 1582 ἐλε-

166 1638 207 1672 15
233 1617 532 1684 εινότατος,
579 1618 744 1680 κακὸς
792 1617 854 1670 δὲ
891 1615 1016 1686 περὶ
1055 1618 1157 1686 τὴν
1196 1618 1370 1685 φύσιν
1410 1615 1550 1671 ἑκὼν
1598 1615 1712 1670 οὔτ’
1760 1617 1925 1680 αὐτὸς

233 1704 527 1774 γεγένημαι
567 1703 695 1758 οὔθ’
735 1702 897 1768 οὗτος
935 1705 1005 1759 ἂν
1044 1708 1218 1759 εἰπεῖν
1250 1708 1381 1776 ἔχοι,
1422 1705 1613 1776 δέομαι
1645 1706 1802 1775 ὑμῶν
1832 1704 1923 1760 καὶ

231 1793 378 1847 πάνυ
435 1793 651 1864 δεόμαι,
705 1797 778 1864 μή
832 1815 939 1865 μου
990 1797 1259 1866 πρότερον
1306 1801 1744 1865 καταψηφιεῖσθε
1787 1794 1924 1865 μηδ’

233 1883 307 1946 ὡς
345 1884 541 1936 ἄδικον
578 1883 703 1952 περὶ
742 1886 871 1947 τοὺς
911 1882 1077 1954 ἐμοὺς
1117 1883 1494 1953 ἀποκτείνητε,
1546 1885 1680 1954 πρὶν
1719 1883 1789 1937 ἂν
1828 1884 1921 1938 αὐ-

352 2048 376 2087 9
409 2043 628 2089 Philostr.
661 2044 739 2088 im.
765 2044 808 2088 II
832 2049 885 2089 31

351 2196 375 2234 6
420 2192 448 2249 ἡ
493 2191 650 2243 στάσις
691 2192 981 2252 ἀντέγκλημα
1019 2193 1234 2238 ManVi
1265 2195 1364 2238 Par
1395 2197 1515 2238 3017
1597 2192 1626 2250 ἡ
1669 2193 1827 2250 μελέτη
1875 2193 1921 2247 ἐξ

232 2251 595 2306 ὑποδιαιρέσεως
628 2254 685 2297 Vi

353 2405 374 2443 1
409 2400 487 2443 καὶ
519 2400 694 2445 inserui
727 2414 750 2444 e
772 2403 899 2445 BVa
961 2415 1035 2444 om
1062 2401 1396 2446 LPaMaclVi
1426 2400 1517 2445 edd
1542 2401 1598 2444 cf.
1626 2416 1669 2457 p.
1690 2405 1790 2453 319,
1810 2404 1833 2444 7
1853 2415 1920 2456 sq.

351 2463 376 2501 3
411 2459 613 2510 ἅπαντες
645 2461 702 2505 Vi
846 2466 871 2505 5
911 2459 1155 2517 τιθέμενος
1179 2462 1304 2505 BVa
1336 2461 1435 2504 Par
1459 2463 1580 2504 3017
1620 2459 1921 2515 (Boissonade

230 2518 402 2563 Anocd.
428 2518 470 2562 V
503 2521 604 2568 351)
726 2524 751 2562 6
779 2517 838 2563 ‘H
868 2520 1024 2576 μελέτη
1059 2519 1222 2576 scripsi
1247 2533 1271 2563 e
1296 2520 1463 2563 LPaB
1476 2520 1542 2564 Va
1574 2520 1654 2563 sed
1686 2519 1736 2562 in
1760 2519 1848 2562 hoc
1872 2519 1920 2562 in

231 2591 366 2634 marg
396 2578 521 2622 inser
550 2577 635 2631 m',
667 2592 771 2622 cum
802 2579 914 2622 Fert
981 2582 1233 2636 μελετῶμεν
1263 2579 1345 2622 τὸν
1376 2576 1554 2631 πατέρα
1581 2579 1794 2623 MaGlVi
1823 2579 1922 2622 Par

232 2641 352 2681 3017
413 2636 703 2693 Κρινομένου
729 2637 880 2693 φόνου
906 2636 1133 2695 ἀπολογία
1158 2638 1260 2682 Mor
1275 2638 1342 2681 Re
1465 2643 1518 2681 12
1548 2653 1601 2692 με
1626 2636 1798 2681 inserui
1830 2636 1920 2681 coll

231 2711 275 2752 p.
303 2700 402 2750 328,
423 2700 491 2749 18,
524 2699 576 2739 ut
608 2698 716 2740 ante
748 2696 895 2751 μόνον
927 2712 952 2741 e
984 2699 1082 2742 Par
1105 2701 1226 2741 3017
1264 2696 1561 2740 inserendum
1601 2697 1704 2740 coni
1735 2695 1921 2740 Boisso-

232 2755 399 2798 nadius
423 2755 630 2810 Pachym
654 2771 698 2811 p.
720 2759 801 2799 165
827 2758 921 2800 not.
949 2762 973 2799 2
1036 2771 1112 2800 om
1136 2755 1246 2799 libri
1271 2756 1361 2799 edd
1484 2760 1537 2798 13
1571 2756 1721 2812 καὶ(1)
1746 2754 1920 2799 inserui

234 2827 258 2857 e
286 2814 497 2859 MaOlVi
528 2816 626 2858 Par
658 2819 778 2859 3017
854 2829 928 2859 om
954 2816 1200 2860 LPaBVa
1238 2815 1328 2858 edd
1475 2819 1527 2857 14
1567 2814 1703 2864 ἄλλος
1726 2815 1772 2858 Β

237 2877 289 2915 16
325 2872 403 2929 ἔχη
430 2874 554 2917 BVa
684 2878 736 2917 17
770 2889 879 2916 num
913 2871 1336 2930 καταψηφίσησθεῗ
1369 2876 1419 2918 ab
1451 2873 1507 2917 cf.
1540 2888 1585 2929 p.
1612 2878 1712 2928 319,
1733 2876 1786 2916 15
1804 2887 1871 2928 sq.
1910 2872 1914 2931 Ι

236 2931 296 2988 μὴ
330 2930 377 2977 δ’
411 2931 522 2976 libri
554 2932 663 2978 Ferr
785 2938 838 2977 18
873 2932 931 2977 ἂν
965 2948 1038 2977 om
1065 2934 1190 2978 BVa
