2014 3158
644 125 942 172 STRATEGI
972 125 1278 171 APOLOGIA
1695 123 1804 179 519

108 268 246 337 ἅπερ
286 264 406 335 ἐμοὶ
452 267 779 334 προσβαλεῖ,
825 264 1130 332 κατήγορος
1175 261 1265 316 καὶ
1314 266 1524 333 γραφή;
1571 265 1654 326 τίς
1701 258 1805 316 οὗν

109 355 285 418 οὕτως
323 354 553 423 ἀνόητος
592 352 652 416 ὃς
691 353 799 406 ὑπὸ
838 351 1051 405 τούτων
1091 351 1188 414 οὓς
1228 348 1289 405 εὖ
1328 360 1583 422 πειρᾶται
1621 362 1806 405 ποιεῖν

107 450 329 498 κεῖσθαι
367 440 611 511 βούλοιτ’
658 443 748 506 ἄν;

224 532 307 585 76.
334 530 400 584 “A
437 534 631 585 τοίνυν
669 531 807 600 πρὸς
844 531 976 592 τοὺς
1010 528 1368 598 ἐπιτηδείους,
1408 530 1498 583 ὅτε
1536 550 1631 599 μοι
1668 548 1805 599 παρ-

106 620 287 692 ῄνουν
326 630 442 683 τοῖς
481 621 717 689 δάκρυσι
756 628 868 672 τῶν
905 620 1142 672 παιδίων
1184 617 1421 685 ἐμαυτὸν
1453 617 1803 687 ἐξαιτεῖσθαι,
1851 638 1871 671 5

110 713 428 779 διείλεγμαι,
466 716 638 761 ταῦτα
675 709 765 761 καὶ
803 709 942 778 πρὸς
972 708 1115 777 ὑμᾶς
1158 706 1280 777 ἐρῶ.
1320 708 1430 760 εἰσί
1465 727 1558 774 μοι
1596 708 1804 775 παῖδες,

109 797 151 853 ὦ
193 800 406 869 ἄνδρες,
444 799 835 866 παιδευόμενοι
880 797 1016 850 κατὰ
1065 799 1194 860 τοὺς
1247 795 1545 866 ὑμετέρους
1598 798 1805 865 νόμους

109 889 197 942 καὶ
253 884 400 941 τοῦτ’
447 886 745 949 ἀκούοντες
799 884 883 939 ἀεὶ
937 884 1063 956 παρ’
1113 885 1271 953 ἐμοῦ,
1328 888 1423 954 ζῆν
1478 886 1552 947 ὡς
1605 884 1805 938 ἐκεῖνοι

108 978 408 1031 κελεύουσι.
449 977 683 1038 τούτους
723 975 960 1029 ἀπεῖπον
998 976 1208 1045 μηδένα
1241 976 1397 1043 ἄγειν
1431 973 1519 1027 ἐπὶ
1551 975 1612 1027 τὸ
1644 976 1804 1044 βῆμα.

106 1067 180 1134 μὴ
211 1067 315 1136 γὰρ
350 1065 574 1130 σώζοιτο
607 1063 735 1135 παρ’
766 1064 900 1134 ὑμῖν
932 1065 1237 1134 στρατηγὸς
1268 1064 1361 1117 διὰ
1390 1064 1591 1126 παῖδας
1623 1062 1805 1117 έλεού-
1831 1084 1873 1116 10

106 1174 269 1223 μενος
315 1153 349 1223 ἢ
396 1165 631 1223 γυναῖκα
685 1155 991 1207 κλαίουσαν
1036 1153 1069 1222 ἢ
1116 1152 1323 1223 μητέρα
1372 1153 1727 1223 δακρύουσαν
1772 1151 1805 1220 ἢ

106 1244 311 1314 πατρὸς
357 1244 699 1313 δακρύοντος
743 1243 945 1297 πολιὰν
992 1243 1025 1312 ἢ
1073 1246 1276 1312 φίλους
1327 1251 1692 1312 παρεστῶτας.
1748 1241 1806 1294 ἐκ

105 1342 219 1385 τῶν
256 1331 659 1402 πεπραγμένων
695 1331 921 1394 ἕκαστος
961 1331 1317 1402 ἀποφευγέτω
1350 1331 1440 1384 καὶ
1472 1330 1805 1400 κολαζέσθω,

106 1422 210 1475 κᾶν
257 1422 420 1484 ἄπαις
466 1441 549 1484 τις
591 1416 621 1493 ᾖ
662 1422 899 1490 δίκαιος,
947 1421 1137 1493 ἀθῷος
1183 1420 1380 1489 ἀπίτω,
1434 1419 1539 1473 κᾶν
1584 1424 1806 1473 πολλῶν

106 1510 282 1580 πατὴρ
321 1512 580 1578 πονηρός,
621 1509 1032 1578 ἀποθνησκέτω.
1076 1509 1161 1562 77.
1193 1511 1340 1562 τίσιν
1372 1505 1478 1562 οὗν
1509 1509 1650 1579 ὑμᾶς
1681 1508 1802 1562 ἀντὶ
1828 1528 1871 1561 15

106 1608 219 1652 τῶν
256 1600 474 1652 παίδων
513 1597 795 1668 ἀξιώσαιμ’
843 1599 913 1652 ἂν
959 1597 1272 1668 προσέχειν,
1319 1606 1384 1668 τῇ
1432 1608 1544 1651 τῶν
1590 1611 1806 1667 στρατι-

108 1698 265 1741 ωτῶν
305 1687 540 1758 εὐταξίᾳ,
578 1697 699 1750 ταῖς
738 1687 964 1756 ἐξόδοις,
1004 1696 1124 1750 ταῖς
1162 1687 1375 1756 μάχαις,
1415 1697 1531 1750 τοῖς
1576 1701 1805 1757 στρατη-

106 1781 327 1846 γήμασι,
366 1785 481 1839 τοῖς
518 1774 716 1845 ἔργοις.
770 1775 1015 1846 πέμψατε
1062 1775 1247 1845 λάθρα
1292 1777 1440 1845 παρὰ
1479 1778 1609 1839 τοὺς
1645 1781 1806 1830 πολε-

106 1868 281 1935 μίους.
321 1867 370 1918 εἰ
408 1873 672 1933 μισοῦμαι
703 1864 831 1936 παρ’
871 1865 1101 1928 ἐκείνοις
1134 1867 1392 1934 ζητήσατε
1423 1866 1513 1917 καὶ
1544 1867 1806 1934 νομίσατε

106 1962 203 2023 τῆς
241 1954 410 2022 αὐτῆς
449 1949 591 2006 εἶναι
630 1962 808 2023 ψυχῆς
853 1956 986 2024 μήτε
1031 1963 1147 2017 τοῖς
1193 1952 1293 2018 ἔξω
1341 1957 1474 2024 μήτε
1519 1964 1636 2017 τοῖς
1675 1959 1802 2007 εἴσω
1829 1975 1872 2006 20

107 2052 202 2112 τῆς
240 2047 450 2105 πόλεως
487 2042 714 2112 ἐχθροῖς
753 2042 840 2096 ἐπὶ
879 2051 944 2114 τῇ
982 2048 1140 2097 πόλει
1180 2042 1551 2112 διαλέγεσθαι.

228 2208 252 2246 5
287 2204 343 2247 cf.
378 2206 410 2247 t.
437 2203 478 2245 V
505 2208 646 2256 15‚12
666 2219 730 2259 sq.

229 2356 250 2394 1
278 2359 435 2408 γραφὴ
455 2352 528 2395 La
538 2351 598 2395 Vi
623 2354 629 2407 Ι
658 2348 744 2395 οὖν
760 2365 837 2396 om
856 2351 909 2397 ΟΖ
1029 2357 1054 2396 2
1081 2349 1217 2403 οὗτος
1234 2353 1309 2397 La
1321 2353 1378 2397 Vi
1497 2357 1525 2395 4
1547 2353 1594 2396 et
1611 2356 1636 2394 6
1654 2366 1709 2407 με
1735 2352 1803 2396 Va

228 2415 254 2454 6
288 2410 329 2454 εἰ
351 2409 404 2455 δέ
427 2427 505 2467 μοι
533 2411 583 2455 Ol
645 2410 761 2456 εἰσὶν
793 2410 838 2455 οἱ
869 2411 972 2456 Mor
1093 2417 1116 2455 7
1151 2408 1186 2456 ὦ
1220 2411 1389 2467 ἄνδρες
1421 2411 1585 2467 scripsi
1618 2423 1643 2453 e
1668 2411 1802 2454 MLa

117 2471 173 2514 Vi
234 2465 269 2513 ὦ
302 2467 517 2514 δικασταί
543 2471 634 2514 LB
647 2471 713 2514 Va
745 2470 837 2514 edd
898 2467 987 2516 ὧδε
1015 2471 1067 2516 Ol
1098 2471 1155 2515 cf.
1189 2471 1249 2514 ad
1272 2486 1318 2527 p.
1345 2474 1489 2525 480,ss
1612 2474 1638 2513 8
1670 2469 1798 2513 τοῦτ’

107 2528 274 2585 scripsi
305 2542 330 2573 e
354 2530 490 2573 MLa
503 2530 660 2574 Vz‘ClB
673 2530 740 2573 Va
799 2529 976 2573 τούτων
1002 2531 1046 2574 L
1070 2530 1161 2574 edd
1194 2529 1276 2573 sed
1311 2530 1487 2586 „abesse
1516 2530 1699 2572 malim“
1735 2528 1802 2577 Re

166 2589 326 2631 tuetur
348 2588 510 2632 Iacobs
535 2588 641 2631 Add.
666 2592 722 2631 85
844 2593 869 2632 9
900 2589 1082 2639 τούτοις
1107 2591 1169 2634 Μ
1189 2589 1268 2633 sed
1296 2606 1312 2631 ι
1337 2603 1393 2633 ox
1416 2606 1445 2632 v
1471 2602 1572 2631 corr
1591 2587 1675 2641 m',
1700 2587 1803 2631 Mor

113 2648 117 2705 Ι
155 2646 287 2703 ἄγειν
316 2648 483 2703 scripsi
544 2646 692 2704 λέγειν
724 2647 834 2691 libri
865 2648 957 2691 edd
982 2649 1064 2692 sed
1100 2651 1216 2707 „leye
1244 2653 1329 2692 aut
1359 2646 1507 2691 ἕλκειν
1539 2651 1622 2689 aut
1645 2648 1803 2703 potius

121 2705 140 2721 ,Ι
246 2710 271 2730 ιι
622 2707 631 2721 Ι
796 2706 805 2720 ἱ
1150 2706 1170 2721 ’Ἀ
1384 2714 1396 2730 ι
1561 2705 1571 2720 ἱ

110 2706 436 2810 Ξῖἱῖἴιοῖῗῖνα
492 2707 916 2823 1⁰1⁶3⁰3531⁶÷521M
976 2771 1030 2809 14
1046 2713 1115 2817 3ιέ
1130 2709 1409 2811 ἒὲὃένῶιέξ
1429 2708 1613 2821 ι’ῗῗῖἲ
1642 2707 1807 2815 Ξὲἓῶῖἷ

110 2825 183 2868 La
196 2825 332 2869 ViVa
363 2824 474 2869 Fen·
596 2828 650 2868 15
682 2825 762 2868 καὶ
794 2827 903 2868 ante
932 2826 1138 2880 πονηρὸς
1163 2827 1226 2869 Μ
1344 2828 1397 2867 16
1429 2830 1718 2876 στρατιωτῶν
1745 2825 1808 2868 M

109 2883 191 2926 sed
213 2890 340 2939 ηγῶν
365 2897 580 2939 suprascr
603 2883 672 2925 111²
795 2888 848 2927 18
880 2884 985 2938 περὶ
1013 2885 1075 2928 M
1080 2885 1139 2929 Vi
1260 2888 1313 2926 19
1347 2883 1426 2926 καὶ
1450 2897 1526 2926 om
1552 2883 1614 2926 M
1636 2882 1643 2940 Ι
1671 2881 1801 2939 νομί-

110 2943 204 2995 ζετε
229 2943 305 2986 La
317 2943 373 2986 Vi
494 2947 549 2986 20
584 2942 668 2986 ἔσω
703 2943 761 2986 Vi
