2020 3146
121 76 226 130 146
697 73 988 119 GREGORH
1019 56 1221 120 CY‘PRH

115 213 310 281 πάσχει
350 210 441 264 καὶ
479 213 545 264 τὰ
587 212 749 265 λοιπὰ
790 213 867 273 εἰς
907 212 1121 264 ἅπαντα
1152 219 1251 265 τοῦ
1284 215 1595 274 λυποῦντος
1635 212 1810 264 διαδι-

116 299 355 370 δομένου
394 308 458 370 τῇ
500 301 769 371 συνεχείᾳ.
824 303 985 368 πλήν,
1026 301 1159 370 ὅπερ
1200 303 1367 369 ἔφην,
1408 300 1593 369 ἐπειδὴ
1634 302 1811 371 χρεὼν

116 390 331 442 ἅπαντα
369 390 578 458 τρόπον
618 392 695 451 εἰς
733 391 864 451 τοὺς
903 392 1105 457 λόγους
1144 389 1382 458 ἐμαυτὸν
1420 389 1695 458 καθιέναι,
1735 390 1809 453 ὡς

114 479 217 531 οὐκ
264 478 330 531 ὂν
377 479 553 540 ἄλλως
600 478 684 531 ὅτι
729 478 802 547 μὴ
851 477 925 531 δι’
977 477 1188 546 ἀγῶνος
1235 478 1662 548 ἀποδυσάμενον
1712 481 1808 542 τὰς

69 589 90 622 5
113 570 441 637 κατηγορίας
481 568 606 619 ἵλεω
646 576 835 635 τυχεῖν
872 575 971 620 τοῦ
1011 569 1237 636 πατρός,
1285 565 1391 636 ἐγὼ
1438 564 1540 634 μὲν
1576 568 1682 636 ἤδη
1723 567 1807 620 λέ-

113 675 234 723 γειν
274 655 610 725 ἀπάρχομαι,
648 655 915 725 ὑμέτερον
955 654 1007 708 δ’
1051 655 1119 709 ἂν
1161 661 1243 725 εἴη
1283 656 1571 709 κάνταῦθα
1608 655 1807 726 προσέ-

111 764 231 813 χειν
268 746 367 798 τὸν
404 752 558 798 νοῦν.

227 833 310 887 11.
342 832 434 895 Ὡς
472 831 572 900 μὲν
620 830 723 887 οὖν
770 835 993 887 ἄνωθεν
1038 834 1171 902 ἡμῖν
1217 831 1340 904 ἔσχε
1386 835 1453 887 τὰ
1497 835 1806 904 πράγματα,

110 921 259 990 κάγὼ
308 922 370 975 δὲ
415 925 713 991 πειθήνιον
761 922 820 974 ἐκ
865 923 1063 985 παιδὸς
1111 925 1190 976 ἔτι
1235 922 1513 992 παρέσχον
1568 923 1805 992 ἐμαυτὸν

44 1032 88 1065 10
110 1017 186 1083 τῷ
217 1012 382 1079 πατρὶ
413 1012 591 1064 πάντα
622 1012 723 1080 μὲν
754 1014 1235 1081 μεθαρμοζόμενος
1265 1013 1402 1080 πρὸς
1434 1012 1619 1080 αὐτόν,
1653 1010 1805 1065 ἐναν-

110 1100 401 1166 τιούμενος
440 1097 502 1153 δὲ
541 1101 749 1153 οὔκουν
789 1099 909 1153 οὐδ’
957 1100 1092 1154 ὅσον
1131 1101 1295 1163 αὐτὸς
1335 1099 1528 1172 ἑαυτῷ,
1583 1100 1677 1169 ἀφ’
1725 1096 1806 1154 ὧν

111 1187 201 1241 καὶ
241 1194 392 1259 εἴπερ
440 1209 524 1251 τις
569 1188 752 1259 ἔτερος
797 1197 871 1260 τῷ
915 1190 1038 1260 ἰδίω
1085 1188 1250 1259 πατρὶ
1309 1193 1472 1258 φίλος
1521 1199 1647 1252 παῖς
1696 1188 1802 1257 ἐγὼ

109 1284 184 1348 τῷ
233 1276 474 1345 ἐμαυτοῦ
521 1275 823 1346 ἐκεκλήμην
868 1277 959 1330 καὶ
1010 1277 1212 1346 γέγονα
1264 1279 1501 1346 μεγάλης
1554 1278 1656 1347 μὲν
1708 1287 1804 1347 τῆς

109 1367 438 1433 κηδεμονίας
478 1366 777 1420 ἀπολαύων
816 1365 899 1420 ἀεὶ
939 1366 1030 1419 καὶ
1069 1371 1381 1435 κρείττονος
1419 1366 1452 1435 ἢ
1493 1365 1641 1435 ἐρεῖν
1679 1387 1803 1420 τινα

42 1476 84 1510 15
110 1455 410 1522 δύνασθαι,
449 1458 716 1524 μειζόνων
755 1452 817 1508 δὲ
855 1454 947 1508 καὶ
985 1465 1098 1508 τῶν
1137 1456 1339 1525 εὐχῶν,
1387 1455 1450 1519 ἃς
1487 1456 1625 1525 ὑπὲρ
1667 1454 1802 1524 ἐμοῦ

107 1548 319 1610 μᾶλλον
356 1543 389 1612 ἢ
430 1551 526 1611 τῆς
567 1545 711 1606 ἰδίας
749 1545 947 1614 ηὔχετο
995 1549 1237 1614 κεφαλῆς
1277 1544 1306 1598 ὁ
1346 1545 1522 1614 πατὴρ
1564 1546 1641 1607 εἰς
1683 1546 1802 1613 ἱερὰ

106 1632 430 1702 καθημέραν
470 1634 731 1701 βαδίζων,
788 1630 955 1687 οὐδὲν
999 1634 1103 1686 δέω
1155 1633 1360 1702 λέγειν,
1417 1631 1538 1695 ἑνὸς
1583 1633 1685 1700 μὲν
1731 1634 1799 1701 δὴ

107 1721 293 1790 χάριν,
347 1729 446 1774 τοῦ
497 1723 569 1791 μὴ
624 1723 890 1791 προϊόντα
944 1722 1044 1775 τὸν
1098 1725 1267 1789 λόγον
1321 1724 1399 1784 εἰς
1445 1730 1613 1790 μῆκος
1660 1721 1801 1788 ὑμᾶς

107 1810 553 1878 ἀποκναισθῆναι
591 1819 817 1880 ποιῆσαι
855 1818 931 1882 τῷ
969 1813 1197 1879 πλήθει,
1239 1809 1427 1881 ἑτέρου
1468 1809 1544 1878 δ’,
1585 1811 1668 1862 ὅτι
1708 1807 1799 1861 καὶ

41 1897 135 1952 3οὸ
182 1901 383 1970 πατήρ,
447 1899 580 1952 ὅταν
634 1901 782 1992 ἔρρει
835 1900 897 1952 τὸ
952 1898 1068 1951 κατ’
1118 1900 1288 1952 αὐτὸν
1341 1899 1518 1968 ὕδωρ,
1573 1899 1799 1967 φθάσας

107 1991 325 2055 εἴρηκεν
366 1989 582 2055 ικανῶς,
623 1983 683 2040 εὖ
725 2007 787 2056 γε
825 1998 1003 2041 ποιων
1041 1988 1131 2040 καὶ
1171 1987 1334 2051 ἀξίως
1380 1988 1550 2041 αὑτοῦ
1590 1988 1661 2056 μὴ
1704 1996 1799 2056 τῆς

105 2078 242 2144 πρὸς
295 2073 388 2145 ἐμε
442 2077 603 2146 χάριν
658 2078 930 2146 διαφορᾶς
983 2085 1047 2147 τῇ
1097 2077 1331 2148 ἀληθείᾳ
1377 2075 1797 2145 λελυμασμεᾞνος

110 2165 192 2216 12.
231 2165 321 2217 καὶ
360 2165 515 2233 ὑμεῖς
554 2162 614 2218 δὲ
655 2164 946 2233 ἀκηκοότες
977 2150 1097 2218 ἐστὲ
1129 2165 1220 2218 καὶ
1260 2163 1449 2234 φήσετ’
1489 2164 1559 2218 ἂν
1591 2165 1797 2217 εἰδέναι

106 2257 300 2321 καλῶς,
340 2252 477 2305 ὥστε
515 2254 606 2306 καὶ
644 2255 900 2323 περιττὸν
939 2253 1008 2306 ἂν
1048 2259 1131 2322 εἴη
1165 2255 1427 2324 δεύτερον
1467 2250 1633 2316 αὖθις
1670 2253 1797 2321 περὶ

39 2362 80 2395 25
105 2351 217 2394 τῶν
257 2341 440 2394 αὐτῶν
480 2341 540 2394 ἐν
580 2343 753 2395 εἰδόσι
793 2347 1093 2411 πειρᾶσθαι
1134 2343 1438 2396 διδάσκειν·
1490 2341 1523 2395 ἃ
1564 2342 1626 2394 δὲ
1662 2341 1796 2403 τέως

106 2427 280 2497 ἐστίν,
326 2424 406 2481 ὧν
453 2428 638 2482 ἕνεκεν
683 2431 745 2483 τὸ
794 2439 905 2483 πᾶν
950 2430 1081 2498 ἡμῖν
1127 2430 1427 2501 ἀνετράπη,
1477 2429 1568 2483 καὶ
1615 2429 1644 2483 ὁ
1693 2430 1795 2497 μὲν

105 2518 281 2587 πατὴρ
322 2518 389 2571 οὐ
428 2522 629 2587 πατήρ,
677 2518 815 2572 ἀλλά
861 2539 943 2581 τις
989 2520 1263 2588 δυσμενὴς
1309 2520 1398 2572 καὶ
1444 2529 1555 2572 τῶν
1596 2518 1794 2572 ἑαυτοῦ

14 2626 62 2669 p.
88 2615 112 2653 6
137 2625 195 2667 pr
285 2605 720 2675 ἐπιλελησμένος,
756 2605 762 2678 Ι
799 2606 827 2659 ὁ
869 2604 930 2659 δὲ
968 2607 1089 2669 υἱὸς
1129 2606 1233 2675 ἐγὼ
1275 2608 1376 2676 οὐχ
1407 2609 1527 2669 υίὸς
1559 2605 1678 2660 οὐδ’
1720 2608 1795 2668 ὡς

104 2695 165 2747 τὸ
211 2696 464 2762 πρόσθεν
512 2695 870 2763 φιλούμενος,
919 2695 1287 2765 ἀποτρόπαιος
1334 2693 1392 2747 δὲ
1439 2699 1648 2762 μᾶλλον
1702 2695 1793 2747 καὶ

226 2829 278 2867 17
312 2825 428 2868 καθ’
457 2823 633 2882 ἡμέραν
648 2840 712 2881 pr
835 2830 887 2868 19
913 2832 1103 2881 ποιῆσαι
1128 2825 1292 2881 scripsi
1352 2832 1509 2869 πεῖσαι
1525 2825 1673 2880 LVpr

106 2888 158 2926 21
195 2885 337 2926 αὐτοῦ
365 2885 511 2940 LVpr
632 2890 686 2926 22
721 2887 961 2939 διαφορῶς
986 2886 1029 2928 L
1150 2889 1204 2927 29
1237 2883 1500 2939 τοπρόσθεν
1525 2883 1568 2926 L
