2014 3158
853 824 1068 879 XLVII.

231 950 540 999 Declamatio
565 950 806 1012 inscripta
825 946 1009 1014 ’Έχων
1041 969 1126 1008 τις
1159 948 1264 998 δύο
1289 948 1506 1008 παῖδας
1536 948 1681 1015 πρὸς
1711 947 1811 998 τὸν

118 1023 318 1091 ἕτερον
373 1022 683 1090 ἐχθρωδῶς
739 1022 1005 1073 διέκειτο.
1062 1021 1374 1089 ἀρρωστῶν
1429 1021 1692 1072 ἐκέλευσε
1746 1027 1818 1091 τῷ

118 1097 288 1148 παιδὶ
319 1097 381 1148 ἐν
403 1102 531 1157 ταῖς
556 1097 882 1161 διαθήκαις
908 1096 1088 1147 αὑτὸν
1113 1096 1299 1161 μόνον
1323 1096 1642 1163 ἐγγράφειν
1672 1101 1812 1162 κλη-

119 1171 391 1237 ρονόμον.
433 1169 458 1221 ὅ
499 1169 558 1221 δὲ
596 1171 694 1220 καὶ
733 1171 835 1221 τὸν
875 1170 1135 1235 ἀδελφὸν
1181 1170 1454 1238 ἔγραψεν.
1501 1170 1753 1238 ὑγιάνας
1786 1168 1812 1220 ὅ

118 1247 307 1312 πατὴρ
339 1245 435 1296 καὶ
467 1244 653 1311 εὑρὼν
684 1245 781 1295 καὶ
812 1244 912 1295 τὸν
944 1244 1142 1313 ἕτερον
1165 1244 1638 1312 ἐγγεγραμμένον
1669 1243 1812 1295 ἀπο-

117 1321 396 1386 κηρύττει
426 1320 526 1370 τὸν
558 1319 963 1387 ἐγγράψαντα,
988 1337 1087 1383 qua
1111 1320 1396 1369 adulescens
1421 1336 1451 1368 a
1473 1323 1616 1383 patre
1641 1336 1812 1384 aegro-

117 1398 256 1444 tante
289 1395 570 1459 abdicatus,
607 1397 725 1458 quia
757 1397 930 1444 contra
969 1395 1116 1443 huius
1156 1396 1471 1444 voluntatem
1512 1411 1612 1443 non
1651 1410 1702 1444 se
1735 1410 1812 1444 so-

117 1472 237 1531 lum,
270 1470 355 1519 sed
387 1470 540 1518 etiam
571 1470 776 1517 fratrem
811 1469 887 1516 illi
917 1469 1134 1519 invisum
1165 1473 1223 1517 ut
1253 1469 1483 1517 heredem
1512 1471 1813 1517 testamento

118 1544 276 1606 patris
305 1545 638 1606 inscripserat,
672 1560 702 1592 a
731 1543 979 1592 iudicibus
1011 1545 1140 1606 petit
1170 1559 1230 1590 ne
1256 1543 1619 1592 abdicationem
1647 1546 1813 1591 ratam

117 1618 304 1666 faciant
315 1657 326 1679 ‚
368 1618 752 1667 admiratoribus
799 1619 922 1666 artis
960 1618 1267 1666 Libanianae
1305 1620 1468 1666 minus
1515 1620 1662 1681 grata
1699 1618 1809 1666 fuit.

118 1692 431 1754 Quamquam
461 1708 560 1740 non
586 1688 844 1755 ‘corporis'
875 1692 1054 1740 finibus
1078 1693 1291 1741 coercita
1320 1692 1519 1753 mansit,
1549 1691 1635 1741 sed
1660 1692 1811 1740 etiam

117 1768 169 1814 in
202 1767 398 1830 eclogas
428 1768 646 1828 transiit,
676 1770 845 1815 tamen
877 1782 1109 1814 numerus
1141 1767 1363 1814 codicum
1389 1767 1567 1829 quibus
1598 1766 1662 1814 ad
1684 1766 1813 1813 hanc

117 1843 333 1889 aetatem
371 1840 598 1902 pervenit
636 1857 755 1898 non-
775 1841 848 1889 ita
886 1856 1097 1903 magnus
1133 1843 1220 1889 est.
1277 1840 1404 1888 Sunt
1434 1842 1602 1888 autem
1633 1839 1686 1887 hi
1719 1841 1811 1887 22:

225 1929 414 1992 Incipio
447 1946 477 1977 a
510 1925 901 1992 ‘corporalibus'.

230 2007 275 2051 1.
316 2004 914 2065 Hierosolymitanus
957 2004 1004 2053 S.
1037 2003 1245 2052 Crucis
1281 2005 1348 2052 57
1385 1997 1479 2070 (=
1506 1998 1593 2070 Cr)
1632 2003 1809 2065 palim-

114 2081 310 2139 psestus
350 2078 534 2126 saeculi
565 2073 656 2143 XI]
660 2078 757 2126 XII
796 2079 1016 2127 continet
1055 2079 1175 2127 folio
1210 2079 1325 2126 88Π
1355 2077 1508 2126 verba
1546 2076 1612 2141 μὴ
1649 2076 1811 2125 πάντα

113 2169 160 2213 p.
183 2153 303 2213 589,
325 2154 391 2200 19
418 2167 575 2213 usque
602 2153 665 2200 ad
689 2150 749 2201 οὐ
773 2147 1251 2218 προ[λελυπημένος]
1267 2169 1314 2214 p.
1335 2153 1457 2213 594,
1478 2154 1531 2213 13
1555 2151 1675 2199 folio
1696 2152 1811 2198 33¹³

114 2224 211 2288 τὴν
243 2222 396 2290 ὀργὴν
428 2223 671 2288 ε’πράϋνεν
683 2220 754 2291 (P)
779 2243 825 2288 p.
853 2228 976 2287 597,
995 2229 1062 2274 22
1096 2242 1251 2288 usque
1281 2226 1344 2274 ad
1367 2223 1633 2290 ἀπολογίας
1656 2221 1810 2287 οὔσης

115 2316 162 2360 p.
192 2301 312 2361 602,
332 2301 387 2361 53
419 2300 540 2347 folio
575 2301 690 2347 34¹¹]c
720 2300 871 2348 verba
902 2301 978 2349 his
1011 2300 1323 2349 succedentia
1349 2298 1421 2348 ὅτι
1451 2296 1532 2363 ἐμὲ
1562 2316 1609 2361 p.
1638 2300 1758 2360 602,
1775 2299 1805 2346 5

114 2389 269 2436 usque
288 2374 352 2421 ad
375 2371 491 2432 τούς
514 2391 561 2421 τε
586 2390 630 2435 p.
653 2375 774 2435 606,
794 2376 841 2435 3,
860 2374 945 2422 sed
968 2375 1184 2437 plurima
1207 2374 1451 2437 imprimis
1472 2375 1524 2421 in
1548 2373 1681 2420 foliis
1704 2373 1808 2432 881,

117 2448 226 2511 33',
246 2450 342 2496 34V
360 2449 607 2509 scriptura
624 2450 895 2509 posteriore
913 2449 1108 2497 obtecta
1127 2451 1255 2496 sunt.
1287 2445 1416 2496 Vide
1431 2451 1467 2496 t.
1484 2447 1530 2494 V
1545 2463 1592 2508 p.
1614 2449 1638 2494 1
1650 2447 1717 2494 54
1735 2460 1807 2507 sq.

114 2521 319 2569 Excussi
347 2524 400 2569 et
432 2537 557 2583 quae
591 2522 688 2584 legi
721 2525 993 2584 potuerunt
1025 2523 1274 2571 adnotavi.
1334 2522 1428 2569 Sed
1459 2522 1581 2567 haec
1612 2519 1676 2567 ad
1708 2522 1806 2568 sta-

112 2595 350 2642 tuendum
394 2595 647 2643 sufficiunt
677 2595 892 2643 codicem
924 2612 1044 2658 non,
1083 2600 1141 2644 ut
1170 2596 1222 2643 in
1253 2597 1460 2656 reliquis
1498 2594 1746 2657 partibus,
1781 2610 1806 2640 e

113 2669 313 2730 prioris,
355 2669 438 2716 sed
479 2669 686 2717 alterius
724 2670 946 2718 familiae
994 2671 1265 2732 exemplari
1310 2668 1506 2716 fluxisse
1545 2669 1805 2728 minusque

115 2759 263 2804 quam
294 2745 347 2790 in
378 2743 479 2790 illis
511 2741 605 2789 fide
638 2747 906 2805 praestare.

226 2833 273 2880 2.
298 2829 744 2879 Laurentianus
769 2831 910 2879 LVII
930 2834 994 2880 27
1016 2848 1145 2880 anno
1167 2833 1306 2879 1392
1327 2832 1554 2878 exaratus
1578 2830 1663 2878 fol.
1685 2831 1804 2878 159.

22 2939 23 2942 η
112 2903 239 2951 Vide
270 2906 305 2951 t.
330 2904 355 2952 I
385 2922 432 2966 p.
460 2907 526 2952 59
546 2920 617 2966 sq.

1356 2986 1444 3028 37*
