<?xml version="1.0" encoding="UTF-8"?>
<!DOCTYPE html PUBLIC "-//W3C//DTD XHTML 1.0 Transitional//EN"
    "http://www.w3.org/TR/xhtml1/DTD/xhtml1-transitional.dtd">
<html xmlns="http://www.w3.org/1999/xhtml" xml:lang="en" lang="en">
 <head>
  <title>
</title>
<meta http-equiv="Content-Type" content="text/html;charset=utf-8" />
  <meta name='ocr-system' content='tesseract 3.04.00' />
  <meta name='ocr-capabilities' content='ocr_page ocr_carea ocr_par ocr_line ocrx_word'/>
</head>
<body>
  <div class='ocr_page' id='page_1' title='image "./operarecensuitri07libauoft_0396.png"; bbox 0 0 2014 3158; ppageno 0'>
   <div class='ocr_carea' id='block_1_1' title="bbox 268 138 1516 192">
    <p class='ocr_par' dir='ltr' id='par_1_1' title="bbox 268 138 1516 192">
     <span class='ocr_line' id='line_1_1' title="bbox 268 138 1516 192; baseline -0.002 -7"><span class='ocrx_word' id='word_1_1' title='bbox 268 138 375 192; x_wconf 80' lang='lat'><em>378</em></span> <span class='ocrx_word' id='word_1_2' title='bbox 729 139 824 182; x_wconf 85' lang='lat' dir='ltr'><em>LIB</em></span> <span class='ocrx_word' id='word_1_3' title='bbox 832 138 957 183; x_wconf 88' lang='lat' dir='ltr'>ANII</span> <span class='ocrx_word' id='word_1_4' title='bbox 988 138 1382 183; x_wconf 86' lang='lat' dir='ltr'>DECLAMATIO</span> <span class='ocrx_word' id='word_1_5' title='bbox 1415 140 1516 184; x_wconf 88' lang='lat' dir='ltr'><em>XLI</em></span> 
     </span>
    </p>
   </div>
   <div class='ocr_carea' id='block_1_2' title="bbox 176 271 1959 2304">
    <p class='ocr_par' dir='ltr' id='par_1_2' title="bbox 176 271 1959 2304">
     <span class='ocr_line' id='line_1_2' title="bbox 268 271 1953 346; baseline 0.002 -19"><span class='ocrx_word' id='word_1_6' title='bbox 268 275 496 343; x_wconf 81' lang='grc' dir='ltr'><strong><em>οἰκτρῶς</em></strong></span> <span class='ocrx_word' id='word_1_7' title='bbox 535 273 922 344; x_wconf 79' lang='grc' dir='ltr'><em>ἀπολλυμένην</em></span> <span class='ocrx_word' id='word_1_8' title='bbox 970 275 1071 329; x_wconf 80' lang='grc' dir='ltr'><em>οὐκ</em></span> <span class='ocrx_word' id='word_1_9' title='bbox 1117 274 1349 345; x_wconf 84' lang='grc' dir='ltr'><em>ἠλέησεν</em></span> <span class='ocrx_word' id='word_1_10' title='bbox 1395 273 1527 329; x_wconf 76' lang='grc' dir='ltr'><em>οὐδὲ</em></span> <span class='ocrx_word' id='word_1_11' title='bbox 1579 275 1819 346; x_wconf 80' lang='grc' dir='ltr'><strong><em>ἐπήμυνε</em></strong></span> <span class='ocrx_word' id='word_1_12' title='bbox 1864 271 1953 331; x_wconf 85' lang='grc' dir='ltr'><em>κύ-</em></span> 
     </span>
     <span class='ocr_line' id='line_1_3' title="bbox 267 363 1047 433; baseline 0.001 -17"><span class='ocrx_word' id='word_1_13' title='bbox 267 383 387 431; x_wconf 90' lang='grc' dir='ltr'><em>ριος</em></span> <span class='ocrx_word' id='word_1_14' title='bbox 428 364 524 432; x_wconf 79' lang='grc' dir='ltr'><em>ὤν,</em></span> <span class='ocrx_word' id='word_1_15' title='bbox 565 364 635 426; x_wconf 86' lang='grc' dir='ltr'><em>ὡς</em></span> <span class='ocrx_word' id='word_1_16' title='bbox 675 363 839 427; x_wconf 89' lang='grc' dir='ltr'><em>αὐτὸς</em></span> <span class='ocrx_word' id='word_1_17' title='bbox 879 363 1047 433; x_wconf 85' lang='grc' dir='ltr'><em>λέγει;</em></span> 
     </span>
     <span class='ocr_line' id='line_1_4' title="bbox 381 451 1956 525; baseline 0.002 -20"><span class='ocrx_word' id='word_1_18' title='bbox 381 452 462 506; x_wconf 83' lang='grc'><em>15.</em></span> <span class='ocrx_word' id='word_1_19' title='bbox 502 452 657 507; x_wconf 75' lang='grc' dir='ltr'><em>Ἀλλὰ</em></span> <span class='ocrx_word' id='word_1_20' title='bbox 695 460 859 507; x_wconf 86' lang='grc' dir='ltr'><em>τοῦτο</em></span> <span class='ocrx_word' id='word_1_21' title='bbox 898 451 999 522; x_wconf 72' lang='grc' dir='ltr'><em>μὲν</em></span> <span class='ocrx_word' id='word_1_22' title='bbox 1038 453 1138 507; x_wconf 88' lang='grc' dir='ltr'><em>οὐκ</em></span> <span class='ocrx_word' id='word_1_23' title='bbox 1178 452 1335 518; x_wconf 76' lang='grc' dir='ltr'><em>ἄξιον</em></span> <span class='ocrx_word' id='word_1_24' title='bbox 1379 453 1645 523; x_wconf 79' lang='grc' dir='ltr'><strong><em>ἐγκαλεῖν,</em></strong></span> <span class='ocrx_word' id='word_1_25' title='bbox 1686 455 1813 508; x_wconf 82' lang='grc' dir='ltr'><em>οὔτε</em></span> <span class='ocrx_word' id='word_1_26' title='bbox 1852 457 1956 525; x_wconf 80' lang='grc' dir='ltr'><em>γὰρ</em></span> 
     </span>
     <span class='ocr_line' id='line_1_5' title="bbox 265 541 1959 612; baseline 0.002 -17"><span class='ocrx_word' id='word_1_27' title='bbox 265 544 386 595; x_wconf 91' lang='grc' dir='ltr'><em>τότε</em></span> <span class='ocrx_word' id='word_1_28' title='bbox 432 550 703 596; x_wconf 89' lang='grc' dir='ltr'><em>τοσοῦτον</em></span> <span class='ocrx_word' id='word_1_29' title='bbox 749 543 876 596; x_wconf 80' lang='grc' dir='ltr'><em>οὔτε</em></span> <span class='ocrx_word' id='word_1_30' title='bbox 930 550 1038 596; x_wconf 85' lang='grc' dir='ltr'><em>νῦν</em></span> <span class='ocrx_word' id='word_1_31' title='bbox 1094 543 1294 612; x_wconf 80' lang='grc' dir='ltr'><em>ἰσχύει,</em></span> <span class='ocrx_word' id='word_1_32' title='bbox 1350 544 1700 612; x_wconf 78' lang='grc' dir='ltr'><em>διακρούεται</em></span> <span class='ocrx_word' id='word_1_33' title='bbox 1755 541 1815 597; x_wconf 73' lang='grc' dir='ltr'><em>δὲ</em></span> <span class='ocrx_word' id='word_1_34' title='bbox 1867 545 1959 598; x_wconf 82' lang='grc' dir='ltr'><em>καὶ</em></span> 
     </span>
     <span class='ocr_line' id='line_1_6' title="bbox 221 629 1958 702; baseline 0.001 -17"><span class='ocrx_word' id='word_1_35' title='bbox 221 654 240 687; x_wconf 79' lang='lat'><strong>5</strong></span> <span class='ocrx_word' id='word_1_36' title='bbox 266 632 534 702; x_wconf 79' lang='grc' dir='ltr'><em>παράγειν</em></span> <span class='ocrx_word' id='word_1_37' title='bbox 595 629 860 701; x_wconf 79' lang='grc' dir='ltr'><em>ἐπιχειρεῖ</em></span> <span class='ocrx_word' id='word_1_38' title='bbox 916 629 1007 685; x_wconf 86' lang='grc' dir='ltr'><em>καὶ</em></span> <span class='ocrx_word' id='word_1_39' title='bbox 1069 633 1185 685; x_wconf 84' lang='grc' dir='ltr'><em>ἔστι</em></span> <span class='ocrx_word' id='word_1_40' title='bbox 1237 639 1520 701; x_wconf 79' lang='grc' dir='ltr'><em>πανταχοῦ</em></span> <span class='ocrx_word' id='word_1_41' title='bbox 1582 634 1837 702; x_wconf 89' lang='grc' dir='ltr'><em>πονηρός.</em></span> <span class='ocrx_word' id='word_1_42' title='bbox 1900 632 1958 696; x_wconf 89' lang='grc' dir='ltr'><em>ὃς</em></span> 
     </span>
     <span class='ocr_line' id='line_1_7' title="bbox 264 719 1959 792; baseline 0.001 -19"><span class='ocrx_word' id='word_1_43' title='bbox 264 730 486 791; x_wconf 85' lang='grc' dir='ltr'><em>πρῶτον</em></span> <span class='ocrx_word' id='word_1_44' title='bbox 523 720 625 790; x_wconf 84' lang='grc' dir='ltr'><em>μὲν</em></span> <span class='ocrx_word' id='word_1_45' title='bbox 671 721 811 790; x_wconf 82' lang='grc' dir='ltr'><em>ὑμᾶς</em></span> <span class='ocrx_word' id='word_1_46' title='bbox 858 720 960 774; x_wconf 85' lang='grc' dir='ltr'><em>οὐκ</em></span> <span class='ocrx_word' id='word_1_47' title='bbox 1008 720 1070 792; x_wconf 81' lang='grc' dir='ltr'><em>ἐᾷ</em></span> <span class='ocrx_word' id='word_1_48' title='bbox 1114 731 1228 783; x_wconf 84' lang='grc' dir='ltr'><em>τοῖς</em></span> <span class='ocrx_word' id='word_1_49' title='bbox 1275 719 1639 789; x_wconf 77' lang='grc' dir='ltr'><em>ἐγνωσμένοις</em></span> <span class='ocrx_word' id='word_1_50' title='bbox 1692 720 1959 790; x_wconf 86' lang='grc' dir='ltr'><em>ἐμμένειν.</em></span> 
     </span>
     <span class='ocr_line' id='line_1_8' title="bbox 266 807 1958 880; baseline 0 -17"><span class='ocrx_word' id='word_1_51' title='bbox 266 808 398 879; x_wconf 88' lang='grc' dir='ltr'><em>φέρε</em></span> <span class='ocrx_word' id='word_1_52' title='bbox 438 809 567 878; x_wconf 91' lang='grc' dir='ltr'><em>γάρ,</em></span> <span class='ocrx_word' id='word_1_53' title='bbox 606 811 663 862; x_wconf 90' lang='grc' dir='ltr'><em>τί</em></span> <span class='ocrx_word' id='word_1_54' title='bbox 698 811 819 863; x_wconf 92' lang='grc' dir='ltr'><em>τότε</em></span> <span class='ocrx_word' id='word_1_55' title='bbox 856 809 1286 879; x_wconf 83' lang='grc' dir='ltr'><em>βουλευομένοις</em></span> <span class='ocrx_word' id='word_1_56' title='bbox 1333 811 1466 879; x_wconf 88' lang='grc' dir='ltr'><em>ὑμῖν</em></span> <span class='ocrx_word' id='word_1_57' title='bbox 1512 807 1649 880; x_wconf 73' lang='grc' dir='ltr'><em>ὑπὲρ</em></span> <span class='ocrx_word' id='word_1_58' title='bbox 1695 813 1958 879; x_wconf 80' lang='grc' dir='ltr'><em>βοηθείας</em></span> 
     </span>
     <span class='ocr_line' id='line_1_9' title="bbox 266 895 1958 969; baseline 0.001 -18"><span class='ocrx_word' id='word_1_59' title='bbox 266 897 476 964; x_wconf 71' lang='grc' dir='ltr'><em>ἔδοξεν,</em></span> <span class='ocrx_word' id='word_1_60' title='bbox 529 898 595 951; x_wconf 84' lang='grc' dir='ltr'><em>οὐ</em></span> <span class='ocrx_word' id='word_1_61' title='bbox 635 900 765 960; x_wconf 88' lang='grc' dir='ltr'><em>τοὺς</em></span> <span class='ocrx_word' id='word_1_62' title='bbox 804 895 906 967; x_wconf 77' lang='grc' dir='ltr'><em>μὲν</em></span> <span class='ocrx_word' id='word_1_63' title='bbox 946 897 1281 968; x_wconf 79' lang='grc' dir='ltr'><em>ἀνθρώπους</em></span> <span class='ocrx_word' id='word_1_64' title='bbox 1329 899 1571 961; x_wconf 75' lang='grc' dir='ltr'><em>ἅπαντας</em></span> <span class='ocrx_word' id='word_1_65' title='bbox 1610 900 1822 969; x_wconf 84' lang='grc' dir='ltr'><em>χαίρειν</em></span> <span class='ocrx_word' id='word_1_66' title='bbox 1860 897 1958 953; x_wconf 79' lang='grc' dir='ltr'><em>ἐᾶν</em></span> 
     </span>
     <span class='ocr_line' id='line_1_10' title="bbox 266 985 1958 1057; baseline 0.001 -17"><span class='ocrx_word' id='word_1_67' title='bbox 266 988 338 1050; x_wconf 83' lang='grc' dir='ltr'><em>ὡς</em></span> <span class='ocrx_word' id='word_1_68' title='bbox 378 986 447 1040; x_wconf 75' lang='grc' dir='ltr'><em>ἄν</em></span> <span class='ocrx_word' id='word_1_69' title='bbox 485 985 777 1050; x_wconf 78' lang='grc' dir='ltr'><em>ἐλάττονας</em></span> <span class='ocrx_word' id='word_1_70' title='bbox 827 995 925 1040; x_wconf 90' lang='grc' dir='ltr'><em>τοῦ</em></span> <span class='ocrx_word' id='word_1_71' title='bbox 976 988 1317 1057; x_wconf 87' lang='grc' dir='ltr'><em>πράγματος,</em></span> <span class='ocrx_word' id='word_1_72' title='bbox 1358 986 1452 1041; x_wconf 80' lang='grc' dir='ltr'><em>ἐπὶ</em></span> <span class='ocrx_word' id='word_1_73' title='bbox 1501 985 1562 1041; x_wconf 74' lang='grc' dir='ltr'><em>δὲ</em></span> <span class='ocrx_word' id='word_1_74' title='bbox 1609 989 1708 1057; x_wconf 84' lang='grc' dir='ltr'><em>τὴν</em></span> <span class='ocrx_word' id='word_1_75' title='bbox 1748 987 1958 1057; x_wconf 86' lang='grc' dir='ltr'><em>ἀπάσης</em></span> 
     </span>
     <span class='ocr_line' id='line_1_11' title="bbox 200 1074 1958 1147; baseline -0.001 -15"><span class='ocrx_word' id='word_1_76' title='bbox 200 1101 242 1132; x_wconf 83' lang='grc' dir='ltr'><em>ιο</em></span> <span class='ocrx_word' id='word_1_77' title='bbox 264 1079 490 1146; x_wconf 84' lang='grc' dir='ltr'><em>κρείττω</em></span> <span class='ocrx_word' id='word_1_78' title='bbox 540 1087 828 1147; x_wconf 81' lang='grc' dir='ltr'><em>συμφορᾶς</em></span> <span class='ocrx_word' id='word_1_79' title='bbox 876 1074 1200 1146; x_wconf 79' lang='grc' dir='ltr'><em>ἐπικουρίαν</em></span> <span class='ocrx_word' id='word_1_80' title='bbox 1245 1077 1638 1146; x_wconf 77' lang='grc' dir='ltr'><em>καταφεύγειν,</em></span> <span class='ocrx_word' id='word_1_81' title='bbox 1685 1077 1783 1130; x_wconf 88' lang='grc' dir='ltr'><em>τὸν</em></span> <span class='ocrx_word' id='word_1_82' title='bbox 1820 1077 1958 1131; x_wconf 89' lang='grc' dir='ltr'><em>θεὸν</em></span> 
     </span>
     <span class='ocr_line' id='line_1_12' title="bbox 263 1164 1957 1235; baseline 0.001 -16"><span class='ocrx_word' id='word_1_83' title='bbox 263 1166 362 1219; x_wconf 89' lang='grc' dir='ltr'><em>τὸν</em></span> <span class='ocrx_word' id='word_1_84' title='bbox 409 1165 470 1219; x_wconf 85' lang='grc' dir='ltr'><em>ἐν</em></span> <span class='ocrx_word' id='word_1_85' title='bbox 514 1170 783 1234; x_wconf 88' lang='grc' dir='ltr'><em>Δελφοῖς;</em></span> <span class='ocrx_word' id='word_1_86' title='bbox 858 1167 940 1219; x_wconf 88' lang='grc'><em>16.</em></span> <span class='ocrx_word' id='word_1_87' title='bbox 988 1164 1078 1218; x_wconf 86' lang='grc' dir='ltr'><em>καὶ</em></span> <span class='ocrx_word' id='word_1_88' title='bbox 1135 1166 1235 1219; x_wconf 87' lang='grc' dir='ltr'><em>οὐκ</em></span> <span class='ocrx_word' id='word_1_89' title='bbox 1289 1165 1359 1220; x_wconf 74' lang='grc' dir='ltr'><em>ἂν</em></span> <span class='ocrx_word' id='word_1_90' title='bbox 1406 1167 1580 1235; x_wconf 85' lang='grc' dir='ltr'><em>φαίην</em></span> <span class='ocrx_word' id='word_1_91' title='bbox 1626 1166 1710 1219; x_wconf 84' lang='grc' dir='ltr'><em>ὅτι</em></span> <span class='ocrx_word' id='word_1_92' title='bbox 1762 1165 1957 1220; x_wconf 87' lang='grc' dir='ltr'><em>πολλοὶ</em></span> 
     </span>
     <span class='ocr_line' id='line_1_13' title="bbox 263 1249 1958 1325; baseline 0 -17"><span class='ocrx_word' id='word_1_93' title='bbox 263 1254 389 1324; x_wconf 83' lang='grc' dir='ltr'><em>περὶ</em></span> <span class='ocrx_word' id='word_1_94' title='bbox 428 1255 644 1308; x_wconf 83' lang='grc' dir='ltr'><em>τούτων</em></span> <span class='ocrx_word' id='word_1_95' title='bbox 682 1254 938 1324; x_wconf 84' lang='grc' dir='ltr'><em>ἐγένοντο</em></span> <span class='ocrx_word' id='word_1_96' title='bbox 979 1257 1136 1323; x_wconf 87' lang='grc' dir='ltr'><em>λόγοι</em></span> <span class='ocrx_word' id='word_1_97' title='bbox 1177 1254 1302 1324; x_wconf 89' lang='grc' dir='ltr'><em>παρ’</em></span> <span class='ocrx_word' id='word_1_98' title='bbox 1348 1255 1497 1323; x_wconf 84' lang='grc' dir='ltr'><em>ὑμῖν.</em></span> <span class='ocrx_word' id='word_1_99' title='bbox 1538 1253 1654 1308; x_wconf 87' lang='grc' dir='ltr'><em>ἀλλ’</em></span> <span class='ocrx_word' id='word_1_100' title='bbox 1702 1249 1818 1308; x_wconf 88' lang='grc' dir='ltr'><em>εἷπε</em></span> <span class='ocrx_word' id='word_1_101' title='bbox 1846 1252 1958 1325; x_wconf 59' lang='grc' dir='ltr'><em>Υμὲν</em></span> 
     </span>
     <span class='ocr_line' id='line_1_14' title="bbox 264 1341 1958 1415; baseline 0 -17"><span class='ocrx_word' id='word_1_102' title='bbox 264 1344 293 1398; x_wconf 86' lang='grc' dir='ltr'>ὁ</span> <span class='ocrx_word' id='word_1_103' title='bbox 334 1345 490 1397; x_wconf 86' lang='grc' dir='ltr'><em>δεῖνα</em></span> <span class='ocrx_word' id='word_1_104' title='bbox 530 1345 622 1397; x_wconf 80' lang='grc' dir='ltr'><em>διὰ</em></span> <span class='ocrx_word' id='word_1_105' title='bbox 660 1343 930 1415; x_wconf 86' lang='grc' dir='ltr'><em>βραχέων,</em></span> <span class='ocrx_word' id='word_1_106' title='bbox 969 1343 1188 1398; x_wconf 85' lang='grc' dir='ltr'><em>ἀντεῖπε</em></span> <span class='ocrx_word' id='word_1_107' title='bbox 1227 1341 1288 1398; x_wconf 75' lang='grc' dir='ltr'><em>δὲ</em></span> <span class='ocrx_word' id='word_1_108' title='bbox 1329 1344 1534 1412; x_wconf 85' lang='grc' dir='ltr'><em>οὐδείς,</em></span> <span class='ocrx_word' id='word_1_109' title='bbox 1584 1342 1958 1414; x_wconf 84' lang='grc' dir='ltr'><em>ἐχειροτόνησε</em></span> 
     </span>
     <span class='ocr_line' id='line_1_15' title="bbox 266 1430 1959 1504; baseline 0 -18"><span class='ocrx_word' id='word_1_110' title='bbox 266 1430 326 1486; x_wconf 75' lang='grc' dir='ltr'><em>δὲ</em></span> <span class='ocrx_word' id='word_1_111' title='bbox 367 1433 395 1487; x_wconf 89' lang='grc' dir='ltr'>ὁ</span> <span class='ocrx_word' id='word_1_112' title='bbox 437 1434 619 1502; x_wconf 87' lang='grc' dir='ltr'><em>δῆμος.</em></span> <span class='ocrx_word' id='word_1_113' title='bbox 659 1432 945 1504; x_wconf 78' lang='grc' dir='ltr'><em>ᾑρέθησαν</em></span> <span class='ocrx_word' id='word_1_114' title='bbox 985 1433 1043 1486; x_wconf 78' lang='grc' dir='ltr'><em>οἰ</em></span> <span class='ocrx_word' id='word_1_115' title='bbox 1077 1434 1302 1502; x_wconf 85' lang='grc' dir='ltr'><em>θεωροί,</em></span> <span class='ocrx_word' id='word_1_116' title='bbox 1344 1430 1524 1503; x_wconf 79' lang='grc' dir='ltr'><em>ἦλθον</em></span> <span class='ocrx_word' id='word_1_117' title='bbox 1564 1432 1762 1500; x_wconf 84' lang='grc' dir='ltr'><em>ἐκεῖσε,</em></span> <span class='ocrx_word' id='word_1_118' title='bbox 1801 1431 1959 1503; x_wconf 80' lang='grc' dir='ltr'><em>ἐχρή-</em></span> 
     </span>
     <span class='ocr_line' id='line_1_16' title="bbox 199 1521 1957 1595; baseline -0.002 -17"><span class='ocrx_word' id='word_1_119' title='bbox 199 1545 239 1578; x_wconf 82' lang='lat'><em>15</em></span> <span class='ocrx_word' id='word_1_120' title='bbox 265 1536 432 1576; x_wconf 89' lang='grc' dir='ltr'><em>σαντο</em></span> <span class='ocrx_word' id='word_1_121' title='bbox 471 1529 546 1595; x_wconf 77' lang='grc' dir='ltr'><em>τῷ</em></span> <span class='ocrx_word' id='word_1_122' title='bbox 586 1524 840 1595; x_wconf 79' lang='grc' dir='ltr'><em>μαντείῳ,</em></span> <span class='ocrx_word' id='word_1_123' title='bbox 878 1524 934 1576; x_wconf 88' lang='grc' dir='ltr'><em>τί</em></span> <span class='ocrx_word' id='word_1_124' title='bbox 969 1523 1167 1576; x_wconf 87' lang='grc' dir='ltr'><em>παύσει</em></span> <span class='ocrx_word' id='word_1_125' title='bbox 1205 1524 1305 1591; x_wconf 89' lang='grc' dir='ltr'><em>τὴν</em></span> <span class='ocrx_word' id='word_1_126' title='bbox 1333 1524 1530 1586; x_wconf 86' lang='grc' dir='ltr'><em>νόσον;</em></span> <span class='ocrx_word' id='word_1_127' title='bbox 1572 1523 1833 1590; x_wconf 81' lang='grc' dir='ltr'><em>ἥκουσαν,</em></span> <span class='ocrx_word' id='word_1_128' title='bbox 1865 1521 1957 1575; x_wconf 87' lang='grc' dir='ltr'><em>ἐπ-</em></span> 
     </span>
     <span class='ocr_line' id='line_1_17' title="bbox 265 1607 1958 1681; baseline -0.001 -16"><span class='ocrx_word' id='word_1_129' title='bbox 265 1616 539 1681; x_wconf 81' lang='grc' dir='ltr'><em>ανῆλθον,</em></span> <span class='ocrx_word' id='word_1_130' title='bbox 595 1611 954 1680; x_wconf 87' lang='grc' dir='ltr'><em>ἀπήγγειλαν·</em></span> <span class='ocrx_word' id='word_1_131' title='bbox 1010 1610 1219 1675; x_wconf 82' lang='grc' dir='ltr'><em>ἔξεστι</em></span> <span class='ocrx_word' id='word_1_132' title='bbox 1270 1612 1349 1680; x_wconf 82' lang='grc' dir='ltr'><em>μὴ</em></span> <span class='ocrx_word' id='word_1_133' title='bbox 1403 1622 1648 1665; x_wconf 79' lang='grc' dir='ltr'><em>νοσεῖν.</em></span> <span class='ocrx_word' id='word_1_134' title='bbox 1702 1618 1810 1664; x_wconf 83' lang='grc' dir='ltr'><em>νῦν</em></span> <span class='ocrx_word' id='word_1_135' title='bbox 1855 1607 1958 1665; x_wconf 84' lang='grc' dir='ltr'><em>οὖν</em></span> 
     </span>
     <span class='ocr_line' id='line_1_18' title="bbox 266 1699 1957 1769; baseline -0.001 -15"><span class='ocrx_word' id='word_1_136' title='bbox 266 1702 504 1769; x_wconf 91' lang='grc' dir='ltr'><em>λύσομεν</em></span> <span class='ocrx_word' id='word_1_137' title='bbox 542 1702 607 1754; x_wconf 83' lang='grc' dir='ltr'><em>τὰ</em></span> <span class='ocrx_word' id='word_1_138' title='bbox 647 1700 952 1769; x_wconf 80' lang='grc' dir='ltr'><em>δεδογμένα</em></span> <span class='ocrx_word' id='word_1_139' title='bbox 997 1699 1087 1754; x_wconf 83' lang='grc' dir='ltr'><em>καὶ</em></span> <span class='ocrx_word' id='word_1_140' title='bbox 1141 1701 1242 1754; x_wconf 89' lang='grc' dir='ltr'><em>οὐκ</em></span> <span class='ocrx_word' id='word_1_141' title='bbox 1281 1700 1697 1769; x_wconf 86' lang='grc' dir='ltr'><em>αἰσχυνούμεθα</em></span> <span class='ocrx_word' id='word_1_142' title='bbox 1735 1701 1829 1762; x_wconf 84' lang='grc' dir='ltr'><em>τὰς</em></span> <span class='ocrx_word' id='word_1_143' title='bbox 1866 1719 1957 1767; x_wconf 82' lang='grc' dir='ltr'><em>με-</em></span> 
     </span>
     <span class='ocr_line' id='line_1_19' title="bbox 264 1788 1957 1860; baseline 0 -18"><span class='ocrx_word' id='word_1_144' title='bbox 264 1792 499 1859; x_wconf 80' lang='grc' dir='ltr'><em>ταβολὰς</em></span> <span class='ocrx_word' id='word_1_145' title='bbox 538 1793 600 1843; x_wconf 82' lang='grc' dir='ltr'><em>αἲ</em></span> <span class='ocrx_word' id='word_1_146' title='bbox 634 1788 860 1859; x_wconf 88' lang='grc' dir='ltr'><em>μέγιστα</em></span> <span class='ocrx_word' id='word_1_147' title='bbox 900 1789 1086 1858; x_wconf 87' lang='grc' dir='ltr'><em>ὀνείδη</em></span> <span class='ocrx_word' id='word_1_148' title='bbox 1126 1789 1216 1843; x_wconf 82' lang='grc' dir='ltr'><em>καὶ</em></span> <span class='ocrx_word' id='word_1_149' title='bbox 1254 1788 1416 1860; x_wconf 86' lang='grc' dir='ltr'><em>ἀνδρὶ</em></span> <span class='ocrx_word' id='word_1_150' title='bbox 1447 1789 1538 1842; x_wconf 81' lang='grc' dir='ltr'><em>καὶ</em></span> <span class='ocrx_word' id='word_1_151' title='bbox 1569 1791 1724 1842; x_wconf 88' lang='grc' dir='ltr'><em>πόλει</em></span> <span class='ocrx_word' id='word_1_152' title='bbox 1757 1788 1957 1859; x_wconf 87' lang='grc' dir='ltr'><em>φέρου-</em></span> 
     </span>
     <span class='ocr_line' id='line_1_20' title="bbox 265 1877 1958 1949; baseline -0.001 -17"><span class='ocrx_word' id='word_1_153' title='bbox 265 1894 378 1944; x_wconf 86' lang='grc' dir='ltr'><em>σιν;</em></span> <span class='ocrx_word' id='word_1_154' title='bbox 434 1879 500 1932; x_wconf 91' lang='grc' dir='ltr'><em>οὐ</em></span> <span class='ocrx_word' id='word_1_155' title='bbox 557 1880 660 1949; x_wconf 81' lang='grc' dir='ltr'><em>γὰρ</em></span> <span class='ocrx_word' id='word_1_156' title='bbox 717 1881 867 1932; x_wconf 81' lang='grc' dir='ltr'><em>ἔστιν</em></span> <span class='ocrx_word' id='word_1_157' title='bbox 921 1878 1111 1942; x_wconf 88' lang='grc' dir='ltr'><em>ἀνοίας</em></span> <span class='ocrx_word' id='word_1_158' title='bbox 1167 1880 1349 1932; x_wconf 87' lang='grc' dir='ltr'><em>αἰτίαν</em></span> <span class='ocrx_word' id='word_1_159' title='bbox 1403 1877 1464 1931; x_wconf 85' lang='grc' dir='ltr'><em>ἐν</em></span> <span class='ocrx_word' id='word_1_160' title='bbox 1516 1886 1631 1940; x_wconf 92' lang='grc' dir='ltr'><em>τοῖς</em></span> <span class='ocrx_word' id='word_1_161' title='bbox 1684 1878 1958 1940; x_wconf 91' lang='grc' dir='ltr'><em>τοιούτοις</em></span> 
     </span>
     <span class='ocr_line' id='line_1_21' title="bbox 198 1961 1957 2038; baseline -0.001 -17"><span class='ocrx_word' id='word_1_162' title='bbox 198 1990 240 2022; x_wconf 77' lang='lat'><em>20</em></span> <span class='ocrx_word' id='word_1_163' title='bbox 266 1969 581 2037; x_wconf 86' lang='grc' dir='ltr'><em>διαφυγεῖν,</em></span> <span class='ocrx_word' id='word_1_164' title='bbox 622 1968 689 2021; x_wconf 86' lang='grc' dir='ltr'><em>οὐ</em></span> <span class='ocrx_word' id='word_1_165' title='bbox 728 1969 833 2038; x_wconf 86' lang='grc' dir='ltr'><em>γάρ</em></span> <span class='ocrx_word' id='word_1_166' title='bbox 874 1961 997 2021; x_wconf 83' lang='grc' dir='ltr'><em>οἷόν</em></span> <span class='ocrx_word' id='word_1_167' title='bbox 1035 1987 1091 2021; x_wconf 92' lang='grc' dir='ltr'><em>τε</em></span> <span class='ocrx_word' id='word_1_168' title='bbox 1131 1976 1230 2021; x_wconf 88' lang='grc' dir='ltr'><em>τοῦ</em></span> <span class='ocrx_word' id='word_1_169' title='bbox 1263 1966 1485 2030; x_wconf 85' lang='grc' dir='ltr'><em>δέοντος</em></span> <span class='ocrx_word' id='word_1_170' title='bbox 1525 1965 1586 2020; x_wconf 86' lang='grc' dir='ltr'><em>ἐν</em></span> <span class='ocrx_word' id='word_1_171' title='bbox 1629 1965 1957 2035; x_wconf 92' lang='grc' dir='ltr'><em>ἀμφοτέροις</em></span> 
     </span>
     <span class='ocr_line' id='line_1_22' title="bbox 176 2052 1957 2126; baseline 0.001 -20"><span class='ocrx_word' id='word_1_172' title='bbox 176 2062 296 2106; x_wconf 86' lang='lat' dir='ltr'><em>RIV</em></span> <span class='ocrx_word' id='word_1_173' title='bbox 314 2066 396 2105; x_wconf 78' lang='lat'><em>729</em></span> <span class='ocrx_word' id='word_1_174' title='bbox 445 2052 576 2110; x_wconf 83' lang='grc' dir='ltr'><em>οὖσί</em></span> <span class='ocrx_word' id='word_1_175' title='bbox 619 2076 680 2124; x_wconf 83' lang='grc' dir='ltr'><em>γε</em></span> <span class='ocrx_word' id='word_1_176' title='bbox 728 2056 998 2119; x_wconf 85' lang='grc' dir='ltr'><em>ἐναντίοις</em></span> <span class='ocrx_word' id='word_1_177' title='bbox 1043 2057 1356 2126; x_wconf 77' lang='grc' dir='ltr'><em>τυγχάνειν,</em></span> <span class='ocrx_word' id='word_1_178' title='bbox 1391 2057 1398 2125; x_wconf 88' lang='grc' dir='ltr'>Ι</span> <span class='ocrx_word' id='word_1_179' title='bbox 1433 2054 1550 2110; x_wconf 86' lang='grc' dir='ltr'><em>ἀλλ’</em></span> <span class='ocrx_word' id='word_1_180' title='bbox 1599 2055 1807 2125; x_wconf 87' lang='grc' dir='ltr'><em>ἀνάγκη</em></span> <span class='ocrx_word' id='word_1_181' title='bbox 1853 2055 1957 2108; x_wconf 88' lang='grc' dir='ltr'><em>θά-</em></span> 
     </span>
     <span class='ocr_line' id='line_1_23' title="bbox 265 2141 1958 2217; baseline -0.002 -18"><span class='ocrx_word' id='word_1_182' title='bbox 265 2166 425 2217; x_wconf 90' lang='grc' dir='ltr'><em>τερον</em></span> <span class='ocrx_word' id='word_1_183' title='bbox 465 2145 756 2215; x_wconf 83' lang='grc' dir='ltr'><em>ὁμολογεῖν</em></span> <span class='ocrx_word' id='word_1_184' title='bbox 794 2145 1158 2216; x_wconf 81' lang='grc' dir='ltr'><em>ἡμαρτῆσθαι.</em></span> <span class='ocrx_word' id='word_1_185' title='bbox 1218 2146 1299 2198; x_wconf 84' lang='grc'><em>17.</em></span> <span class='ocrx_word' id='word_1_186' title='bbox 1338 2144 1602 2214; x_wconf 79' lang='grc' dir='ltr'><em>θαυμάζω</em></span> <span class='ocrx_word' id='word_1_187' title='bbox 1644 2141 1705 2198; x_wconf 75' lang='grc' dir='ltr'><em>δὲ</em></span> <span class='ocrx_word' id='word_1_188' title='bbox 1743 2145 1791 2197; x_wconf 85' lang='grc' dir='ltr'><em>εἰ</em></span> <span class='ocrx_word' id='word_1_189' title='bbox 1829 2145 1958 2206; x_wconf 88' lang='grc' dir='ltr'><em>τοὺς</em></span> 
     </span>
     <span class='ocr_line' id='line_1_24' title="bbox 264 2232 1957 2304; baseline -0.002 -16"><span class='ocrx_word' id='word_1_190' title='bbox 264 2232 365 2302; x_wconf 75' lang='grc' dir='ltr'><em>μὲν</em></span> <span class='ocrx_word' id='word_1_191' title='bbox 403 2235 713 2304; x_wconf 89' lang='grc' dir='ltr'><em>τυράννους</em></span> <span class='ocrx_word' id='word_1_192' title='bbox 752 2242 1048 2304; x_wconf 88' lang='grc' dir='ltr'><em>μισοῦμεν,</em></span> <span class='ocrx_word' id='word_1_193' title='bbox 1099 2234 1183 2287; x_wconf 86' lang='grc' dir='ltr'><em>ὅτι</em></span> <span class='ocrx_word' id='word_1_194' title='bbox 1233 2235 1330 2287; x_wconf 88' lang='grc' dir='ltr'><em>τὸν</em></span> <span class='ocrx_word' id='word_1_195' title='bbox 1370 2235 1548 2303; x_wconf 80' lang='grc' dir='ltr'><em>δῆμον</em></span> <span class='ocrx_word' id='word_1_196' title='bbox 1586 2232 1798 2302; x_wconf 80' lang='grc' dir='ltr'><em>ἀσθενῆ</em></span> <span class='ocrx_word' id='word_1_197' title='bbox 1836 2250 1957 2285; x_wconf 89' lang='grc' dir='ltr'><em>ποι-</em></span> 
     </span>
    </p>
   </div>
   <div class='ocr_carea' id='block_1_3' title="bbox 387 2410 784 2466">
    <p class='ocr_par' dir='ltr' id='par_1_3' title="bbox 387 2410 784 2466">
     <span class='ocr_line' id='line_1_25' title="bbox 387 2410 784 2466; baseline 0 -13"><span class='ocrx_word' id='word_1_198' title='bbox 387 2415 437 2453; x_wconf 87' lang='lat'><em>11</em></span> <span class='ocrx_word' id='word_1_199' title='bbox 473 2410 530 2454; x_wconf 75' lang='lat' dir='ltr'><em>of.</em></span> <span class='ocrx_word' id='word_1_200' title='bbox 566 2425 609 2466; x_wconf 89' lang='lat' dir='ltr'><em>p.</em></span> <span class='ocrx_word' id='word_1_201' title='bbox 637 2414 784 2465; x_wconf 82' lang='lat'><strong>376,2</strong></span> 
     </span>
    </p>
   </div>
   <div class='ocr_carea' id='block_1_4' title="bbox 271 2503 624 2509">
    <p class='ocr_par' dir='ltr' id='par_1_4' title="bbox 271 2503 624 2509">
     <span class='ocr_line' id='line_1_26' title="bbox 271 2503 624 2509; baseline 0 0"><span class='ocrx_word' id='word_1_202' title='bbox 271 2503 624 2509; x_wconf 95' lang='lat' dir='ltr'><em> </em></span> 
     </span>
    </p>
   </div>
   <div class='ocr_carea' id='block_1_5' title="bbox 388 2560 1956 2673">
    <p class='ocr_par' dir='ltr' id='par_1_5' title="bbox 388 2560 1956 2673">
     <span class='ocr_line' id='line_1_27' title="bbox 388 2560 1956 2673; baseline -0.002 -28"><span class='ocrx_word' id='word_1_203' title='bbox 388 2607 408 2645; x_wconf 90' lang='lat'>1</span> <span class='ocrx_word' id='word_1_204' title='bbox 444 2560 765 2659; x_wconf 55' lang='grc' dir='ltr'><em>ἀπολλῧῗιένην</em></span> <span class='ocrx_word' id='word_1_205' title='bbox 783 2603 829 2647; x_wconf 94' lang='grc' dir='ltr'><strong><em>Β</em></strong></span> <span class='ocrx_word' id='word_1_206' title='bbox 950 2607 975 2646; x_wconf 89' lang='lat'><strong>3</strong></span> <span class='ocrx_word' id='word_1_207' title='bbox 1001 2601 1087 2659; x_wconf 82' lang='grc' dir='ltr'><em>γὰρ</em></span> <span class='ocrx_word' id='word_1_208' title='bbox 1114 2615 1189 2646; x_wconf 89' lang='lat' dir='ltr'><em>om</em></span> <span class='ocrx_word' id='word_1_209' title='bbox 1206 2603 1252 2646; x_wconf 98' lang='grc' dir='ltr'><strong><em>Β</em></strong></span> <span class='ocrx_word' id='word_1_210' title='bbox 1372 2606 1399 2645; x_wconf 86' lang='grc'>4</span> <span class='ocrx_word' id='word_1_211' title='bbox 1432 2600 1606 2658; x_wconf 84' lang='grc' dir='ltr'><em>ἰσχύειν</em></span> <span class='ocrx_word' id='word_1_212' title='bbox 1624 2601 1669 2644; x_wconf 89' lang='grc' dir='ltr'><strong><em>Β</em></strong></span> <span class='ocrx_word' id='word_1_213' title='bbox 1791 2604 1814 2643; x_wconf 85' lang='grc'><strong>7</strong></span> <span class='ocrx_word' id='word_1_214' title='bbox 1848 2600 1956 2673; x_wconf 89' lang='grc' dir='ltr'><em>βου-</em></span> 
     </span>
    </p>
   </div>
   <div class='ocr_carea' id='block_1_6' title="bbox 265 2658 1961 3012">
    <p class='ocr_par' dir='ltr' id='par_1_6' title="bbox 265 2658 1961 3012">
     <span class='ocr_line' id='line_1_28' title="bbox 265 2658 1957 2718; baseline -0.001 -14"><span class='ocrx_word' id='word_1_215' title='bbox 265 2661 477 2718; x_wconf 85' lang='grc' dir='ltr'><em>λομένοις</em></span> <span class='ocrx_word' id='word_1_216' title='bbox 500 2664 598 2706; x_wconf 79' lang='lat' dir='ltr'><em>Par</em></span> <span class='ocrx_word' id='word_1_217' title='bbox 625 2664 630 2718; x_wconf 88' lang='grc' dir='ltr'>Ι</span> <span class='ocrx_word' id='word_1_218' title='bbox 661 2661 769 2717; x_wconf 87' lang='grc' dir='ltr'><em>ἡμῖν</em></span> <span class='ocrx_word' id='word_1_219' title='bbox 794 2663 839 2705; x_wconf 90' lang='grc' dir='ltr'><strong><em>Β</em></strong></span> <span class='ocrx_word' id='word_1_220' title='bbox 961 2665 986 2703; x_wconf 88' lang='grc'>9</span> <span class='ocrx_word' id='word_1_221' title='bbox 1019 2661 1080 2712; x_wconf 86' lang='grc' dir='ltr'><em>ὡς</em></span> <span class='ocrx_word' id='word_1_222' title='bbox 1104 2662 1203 2705; x_wconf 88' lang='lat' dir='ltr'><em>Par</em></span> <span class='ocrx_word' id='word_1_223' title='bbox 1235 2660 1315 2703; x_wconf 82' lang='lat' dir='ltr'><em>sed</em></span> <span class='ocrx_word' id='word_1_224' title='bbox 1349 2677 1372 2711; x_wconf 84' lang='grc' dir='ltr'><em>ς</em></span> <span class='ocrx_word' id='word_1_225' title='bbox 1402 2659 1451 2702; x_wconf 89' lang='lat' dir='ltr'><em>in</em></span> <span class='ocrx_word' id='word_1_226' title='bbox 1483 2673 1558 2703; x_wconf 81' lang='lat' dir='ltr'><em>ras</em></span> <span class='ocrx_word' id='word_1_227' title='bbox 1591 2664 1616 2702; x_wconf 86' lang='lat'><strong>3</strong></span> <span class='ocrx_word' id='word_1_228' title='bbox 1648 2659 1728 2703; x_wconf 73' lang='lat' dir='ltr'><strong>litt</strong></span> <span class='ocrx_word' id='word_1_229' title='bbox 1758 2658 1828 2702; x_wconf 79' lang='lat' dir='ltr'><em>m&#39;</em></span> <span class='ocrx_word' id='word_1_230' title='bbox 1853 2660 1861 2714; x_wconf 91' lang='grc'>1</span> <span class='ocrx_word' id='word_1_231' title='bbox 1897 2675 1957 2702; x_wconf 88' lang='grc' dir='ltr'><em>αν</em></span> 
     </span>
     <span class='ocr_line' id='line_1_29' title="bbox 267 2716 1956 2778; baseline -0.004 -13"><span class='ocrx_word' id='word_1_232' title='bbox 267 2735 339 2765; x_wconf 91' lang='lat' dir='ltr'><em>om</em></span> <span class='ocrx_word' id='word_1_233' title='bbox 367 2723 466 2765; x_wconf 83' lang='lat' dir='ltr'><em>Par</em></span> <span class='ocrx_word' id='word_1_234' title='bbox 589 2726 640 2764; x_wconf 90' lang='lat'><em>11</em></span> <span class='ocrx_word' id='word_1_235' title='bbox 675 2720 754 2764; x_wconf 79' lang='grc' dir='ltr'><em>καὶ</em></span> <span class='ocrx_word' id='word_1_236' title='bbox 786 2734 860 2763; x_wconf 90' lang='lat' dir='ltr'><em>om</em></span> <span class='ocrx_word' id='word_1_237' title='bbox 885 2722 985 2765; x_wconf 86' lang='lat' dir='ltr'><em>Par</em></span> <span class='ocrx_word' id='word_1_238' title='bbox 1033 2722 1039 2778; x_wconf 78' lang='grc'>1</span> <span class='ocrx_word' id='word_1_239' title='bbox 1090 2717 1235 2776; x_wconf 86' lang='grc' dir='ltr'><em>φαίης</em></span> <span class='ocrx_word' id='word_1_240' title='bbox 1259 2720 1304 2763; x_wconf 90' lang='grc' dir='ltr'><em>Β</em></span> <span class='ocrx_word' id='word_1_241' title='bbox 1427 2723 1481 2761; x_wconf 91' lang='grc'><em>14</em></span> <span class='ocrx_word' id='word_1_242' title='bbox 1517 2716 1758 2777; x_wconf 76' lang='grc' dir='ltr'><em>ᾑρέθησαν</em></span> <span class='ocrx_word' id='word_1_243' title='bbox 1791 2716 1956 2772; x_wconf 82' lang='lat' dir='ltr'><strong>scripsi</strong></span> 
     </span>
     <span class='ocr_line' id='line_1_30' title="bbox 326 2764 1957 2838; baseline -0.004 -14"><span class='ocrx_word' id='word_1_244' title='bbox 326 2777 565 2838; x_wconf 82' lang='grc' dir='ltr'><em>ᾑρέθησαν</em></span> <span class='ocrx_word' id='word_1_245' title='bbox 583 2781 729 2824; x_wconf 85' lang='lat' dir='ltr'><em>ParB</em></span> <span class='ocrx_word' id='word_1_246' title='bbox 755 2779 846 2822; x_wconf 87' lang='lat' dir='ltr'><em>edd</em></span> <span class='ocrx_word' id='word_1_247' title='bbox 909 2776 1137 2836; x_wconf 80' lang='grc' dir='ltr'><em>ἠρέθισαν</em></span> <span class='ocrx_word' id='word_1_248' title='bbox 1157 2779 1217 2821; x_wconf 90' lang='grc' dir='ltr'><strong>Μ</strong></span> <span class='ocrx_word' id='word_1_249' title='bbox 1273 2764 1543 2834; x_wconf 80' lang='grc' dir='ltr'><em>ἠρέσθησαν</em></span> <span class='ocrx_word' id='word_1_250' title='bbox 1560 2779 1712 2822; x_wconf 81' lang='lat' dir='ltr'><em>PMos</em></span> <span class='ocrx_word' id='word_1_251' title='bbox 1739 2778 1744 2831; x_wconf 91' lang='grc' dir='ltr'>Ι</span> <span class='ocrx_word' id='word_1_252' title='bbox 1773 2774 1824 2819; x_wconf 78' lang='grc' dir='ltr'><em>δὲ</em></span> <span class='ocrx_word' id='word_1_253' title='bbox 1849 2778 1957 2832; x_wconf 70' lang='lat' dir='ltr'>post</span> 
     </span>
     <span class='ocr_line' id='line_1_31' title="bbox 267 2797 1956 2897; baseline -0.004 -14.88"><span class='ocrx_word' id='word_1_254' title='bbox 267 2826 508 2897; x_wconf 77' lang='grc' dir='ltr'><em>ᾑρέθησαν</em></span> <span class='ocrx_word' id='word_1_255' title='bbox 534 2841 579 2883; x_wconf 88' lang='grc' dir='ltr'><strong><em>Ρ</em></strong></span> <span class='ocrx_word' id='word_1_256' title='bbox 607 2838 697 2882; x_wconf 83' lang='lat' dir='ltr'><em>edd</em></span> <span class='ocrx_word' id='word_1_257' title='bbox 760 2797 936 2881; x_wconf 51' lang='lat' dir='ltr'><em>delevi?7</em></span> <span class='ocrx_word' id='word_1_258' title='bbox 938 2841 944 2893; x_wconf 85' lang='grc' dir='ltr'>Ι</span> <span class='ocrx_word' id='word_1_259' title='bbox 970 2838 1148 2892; x_wconf 80' lang='grc' dir='ltr'><em>θεωροὶ</em></span> <span class='ocrx_word' id='word_1_260' title='bbox 1172 2839 1273 2882; x_wconf 83' lang='lat' dir='ltr'><em>Par</em></span> <span class='ocrx_word' id='word_1_261' title='bbox 1303 2836 1385 2880; x_wconf 78' lang='lat' dir='ltr'><em>sed</em></span> <span class='ocrx_word' id='word_1_262' title='bbox 1415 2839 1514 2880; x_wconf 83' lang='grc' dir='ltr'><em>θεω</em></span> <span class='ocrx_word' id='word_1_263' title='bbox 1546 2836 1594 2879; x_wconf 88' lang='lat' dir='ltr'><em>in</em></span> <span class='ocrx_word' id='word_1_264' title='bbox 1625 2850 1701 2880; x_wconf 80' lang='lat' dir='ltr'><em>ras</em></span> <span class='ocrx_word' id='word_1_265' title='bbox 1735 2840 1761 2878; x_wconf 85' lang='lat'>5</span> <span class='ocrx_word' id='word_1_266' title='bbox 1785 2834 1864 2878; x_wconf 74' lang='lat' dir='ltr'><strong>litt</strong></span> <span class='ocrx_word' id='word_1_267' title='bbox 1886 2834 1956 2876; x_wconf 78' lang='lat' dir='ltr'><em>m&#39;</em></span> 
     </span>
     <span class='ocr_line' id='line_1_32' title="bbox 390 2891 1961 2955; baseline -0.001 -16"><span class='ocrx_word' id='word_1_268' title='bbox 390 2902 442 2940; x_wconf 80' lang='lat'><em>17</em></span> <span class='ocrx_word' id='word_1_269' title='bbox 476 2895 794 2955; x_wconf 85' lang='grc' dir='ltr'><em>αἰσχυνόμεθα</em></span> <span class='ocrx_word' id='word_1_270' title='bbox 820 2897 1030 2941; x_wconf 81' lang='lat' dir='ltr'><em>ParMos</em></span> <span class='ocrx_word' id='word_1_271' title='bbox 1174 2901 1226 2940; x_wconf 87' lang='lat'><em>19</em></span> <span class='ocrx_word' id='word_1_272' title='bbox 1267 2892 1461 2952; x_wconf 82' lang='grc' dir='ltr'><em>ἀγνοίας</em></span> <span class='ocrx_word' id='word_1_273' title='bbox 1484 2896 1530 2940; x_wconf 90' lang='grc' dir='ltr'><strong><em>Β</em></strong></span> <span class='ocrx_word' id='word_1_274' title='bbox 1681 2898 1734 2937; x_wconf 82' lang='grc'><em>21</em></span> <span class='ocrx_word' id='word_1_275' title='bbox 1775 2891 1891 2937; x_wconf 80' lang='grc' dir='ltr'><em>ἀλλὰ</em></span> <span class='ocrx_word' id='word_1_276' title='bbox 1914 2894 1961 2938; x_wconf 90' lang='grc' dir='ltr'><strong><em>Ρ</em></strong></span> 
     </span>
     <span class='ocr_line' id='line_1_33' title="bbox 271 2955 1952 3012; baseline -0.001 -12"><span class='ocrx_word' id='word_1_277' title='bbox 271 2957 485 3003; x_wconf 86' lang='lat' dir='ltr'><em>MosMB</em></span> <span class='ocrx_word' id='word_1_278' title='bbox 518 2956 609 3001; x_wconf 85' lang='lat' dir='ltr'><em>edd</em></span> <span class='ocrx_word' id='word_1_279' title='bbox 732 2959 787 3001; x_wconf 84' lang='lat'><em>23</em></span> <span class='ocrx_word' id='word_1_280' title='bbox 820 2955 903 3012; x_wconf 80' lang='grc' dir='ltr'><em>μὲν</em></span> <span class='ocrx_word' id='word_1_281' title='bbox 931 2970 1006 2999; x_wconf 90' lang='lat' dir='ltr'><em>om</em></span> <span class='ocrx_word' id='word_1_282' title='bbox 1029 2957 1076 3000; x_wconf 89' lang='lat' dir='ltr'><em>P</em></span> <span class='ocrx_word' id='word_1_283' title='bbox 1728 2997 1732 2999; x_wconf 79' lang='grc'>.</span> <span class='ocrx_word' id='word_1_284' title='bbox 1949 2996 1952 2998; x_wconf 85' lang='grc'><em>,</em></span> 
     </span>
    </p>
   </div>
  </div>
 </body>
</html>
