2044 3168
468 138 716 183 IUVENIS
748 138 961 183 FORTIS
991 137 1214 182 DIVITIS
1245 137 1547 184 APOLOGIA
1745 138 1852 190 245

158 275 220 328 δὲ
259 273 508 338 ἐξελθεῖν
546 276 638 328 διὰ
678 278 808 337 τοὺς
837 273 1318 343 περικαθημένους
1355 276 1616 344 ἔφριττον
1655 276 1853 344 δυσμε-

156 372 289 431 νεῖς,
326 373 542 434 πρῶτος
579 373 690 416 τῶν
729 367 971 417 πολιτῶν
1010 363 1323 431 ὡπλιζόμην
1359 363 1451 416 καὶ
1483 372 1598 426 τοῖς
1628 368 1854 426 πολλοῖς

157 453 352 521 ἀρετῆς
409 452 624 522 ἐφάνην
686 450 863 506 εἰκών.
934 451 1330 522 συρραξάντων
1400 449 1461 505 δὲ
1522 452 1675 521 ἡμῶν
1742 462 1854 516 τοῖς

157 540 495 596 ἐπελθοῦσιν
533 538 696 605 ἀσπὶς
734 539 836 612 μὲν
873 541 1007 603 τέως
1047 539 1381 612 ἀντέκρουεν
1424 541 1632 610 ἀσπίδι,
1671 556 1854 612 χρησι-

156 631 370 699 μώτερα
410 630 473 683 δὲ
509 631 644 700 ἡμῖν
680 639 793 684 τῶν
830 633 1011 699 βελῶν
1041 625 1182 698 ἦσαν
1213 631 1279 683 τὰ
1312 629 1456 699 ξίφη.
1510 630 1558 683 9.
1598 630 1687 683 καὶ
1722 635 1851 685 πολ-
1901 649 1921 682 5

157 718 311 782 λάκις
349 716 451 786 μὲν
489 720 648 773 αὐτοὶ
686 718 813 788 παρ’
859 717 1041 787 ἡμῶν,
1089 719 1354 782 πολλάκις
1392 717 1452 772 δὲ
1492 718 1583 772 ὑπ’
1631 719 1856 773 ἐκείνων

156 808 312 876 ἡμεῖς
350 808 725 878 ἠλαυνόμεθα,
777 807 1166 861 ἐνδεδωκότων
1206 805 1266 860 δὲ
1307 817 1420 861 τῶν
1458 810 1564 861 σὺν
1605 806 1725 877 ἐμοὶ
1764 807 1853 861 καὶ

156 898 258 965 τὴν
297 895 383 950 ἐπὶ
423 898 484 950 τὸ
517 906 695 967 τεῖχος
733 897 1225 966 περισκοπούντων
1277 896 1412 950 ὁδὸν
1450 899 1619 967 μόνος
1659 897 1854 950 λοιπὸν

156 987 293 1039 κατὰ
330 985 554 1039 πάντων
594 986 866 1056 ἐχώρουν,
911 988 1081 1053 μόνος
1126 987 1229 1054 τὴν
1272 987 1492 1055 πυκνὴν
1538 996 1650 1039 τῶν
1696 990 1854 1039 πολε-

155 1076 299 1142 μίων
337 1074 596 1145 διέρρηξα
637 1075 910 1144 φάλαγγα.
965 1073 1056 1128 καὶ
1096 1079 1334 1145 θαρρεῖν
1372 1075 1474 1142 μὲν
1520 1072 1689 1138 αὗθις
1726 1078 1857 1137 τοὺς
1884 1096 1924 1127 ιο

157 1163 322 1233 ἐμοὺς
361 1165 455 1217 διὰ
493 1165 597 1232 τὴν
636 1164 772 1234 ἐμὴν
819 1164 1050 1218 ἐποίουν
1098 1164 1360 1235 ἀνδρίαν,
1407 1165 1466 1218 οἱ
1509 1161 1570 1217 δὲ
1615 1166 1739 1218 τότε
1785 1164 1858 1227 ὡς

157 1252 246 1322 ἐφ’
302 1251 534 1323 ἕρμαιον
586 1253 812 1321 ἥκοντες
868 1254 935 1307 οὐ
989 1251 1116 1321 μεθ’
1179 1253 1376 1323 ὁμοίου
1430 1261 1531 1306 τοῦ
1587 1255 1857 1323 σχήματος

157 1342 501 1413 ἀνεχώρουν,
541 1341 656 1395 ἀλλ’
706 1343 759 1395 οἱ
799 1339 901 1412 μὲν
940 1340 1196 1411 ἔπιπτον,
1245 1343 1304 1395 οἱ
1339 1343 1401 1396 δὲ
1438 1342 1756 1411 ἡλίσκοντο,
1803 1343 1861 1394 οἱ

157 1429 219 1485 δὲ
246 1433 345 1486 τὸν
379 1430 387 1504 Ι
420 1431 546 1502 περὶ
585 1440 680 1500 τῆς
713 1440 890 1501 ψυχῆς
922 1433 1090 1485 ἔθεον
1123 1434 1335 1500 δρόμον
1365 1429 1426 1484 ἐκ
1456 1435 1677 1485 πολλῶν
1723 1434 1844 1479 RIV
1860 1439 1945 1477 543

157 1520 336 1589 ὀλίγοι
388 1520 479 1574 καὶ
538 1519 738 1574 πολλοὶ
792 1519 907 1575 κατ’
955 1520 1181 1589 ὀλίγους
1232 1522 1323 1575 καὶ
1378 1517 1446 1575 οὗ
1493 1521 1736 1574 δυνατὸν
1787 1516 1859 1589 ἦν
1884 1541 1924 1572 15

159 1611 602 1678 δραπετεύοντες.
677 1610 762 1663 10.
801 1615 991 1677 θυμοῦ
1039 1611 1141 1677 μὲν
1180 1606 1285 1663 οὗν
1323 1610 1356 1679 ἡ
1396 1609 1653 1679 πέμψασα
1698 1611 1858 1671 πόλις

158 1698 526 1766 ἐνεπίμπλατο
572 1700 822 1768 μείζονος
869 1699 972 1768 οὐχ
1021 1699 1190 1762 ὅσους
1237 1702 1478 1769 ἔπεμψεν
1523 1695 1657 1753 οὐδὲ
1704 1699 1857 1761 οἵους

156 1789 380 1856 ἤλπιζεν
419 1787 779 1857 ἀπολαβοῦσα
818 1790 948 1851 τοὺς
988 1787 1208 1857 ἑαυτῆς,
1260 1786 1554 1857 ἐκκλησίαν
1594 1786 1655 1842 δὲ
1693 1788 1722 1842 ὁ
1763 1789 1854 1856 δῆ-

159 1897 260 1946 μος
290 1878 425 1945 μετὰ
466 1878 568 1946 τὴν
604 1879 768 1946 νίκην
800 1875 974 1930 ἐποίει
1005 1875 1097 1930 καὶ
1129 1877 1254 1945 περὶ
1286 1885 1380 1946 τῆς
1410 1875 1541 1947 ἐμῆς
1572 1877 1856 1945 ἐβουλεύε-

159 1987 222 2018 το
255 1967 478 2036 δωρεᾶς.
518 1971 822 2028 καλοῦντος
854 1965 921 2019 δέ
949 1986 1015 2034 με
1046 1975 1145 2019 τοῦ
1176 1968 1415 2036 κήρυκος
1453 1975 1518 2036 τῇ
1558 1975 1717 2037 κοινῇ
1756 1974 1854 2019 τοῦ
1882 1986 1923 2016 so

161 2057 340 2123 δήμου
380 2063 541 2125 φωνῇ
581 2055 672 2108 καὶ
714 2057 904 2123 λαβεῖν
951 2055 1054 2107 ὅσα
1100 2055 1311 2123 ἤθελον
1362 2054 1750 2125 ἐπιτρέποντος
1789 2055 1855 2108 οὐ

281 2251 335 2289 14
368 2246 509 2290 Arist.
541 2261 666 2302 vesp.
694 2250 791 2290 376.
826 2246 933 2290 Her.
960 2246 1067 2291 VIII
1091 2251 1143 2290 74
1268 2252 1322 2290 15
1355 2246 1462 2290 Her.
1487 2246 1551 2289 IX
1578 2250 1660 2289 102

282 2430 304 2469 1
338 2425 769 2482 παρακαθημένους
802 2426 859 2469 Vi
986 2430 1126 2481 2τῆς
1157 2427 1328 2480 πολλῆς
1362 2425 1417 2469 Vi
1550 2428 1575 2467 3
1610 2421 1657 2469 δ’
1686 2424 1740 2468 Η

162 2489 190 2528 5
221 2482 266 2528 δ’
297 2485 351 2528 H
358 2485 417 2529 Vt
442 2491 448 2542 Ι
475 2483 604 2540 ἡμῶν
637 2485 694 2529 Vi
720 2486 727 2540 Ι
753 2497 866 2528 voce
899 2485 1048 2558 βελῶν
1074 2484 1157 2529 des
1183 2483 1244 2529 Or
1273 2483 1353 2528 fol.
1382 2488 1455 2527 77¹
1517 2484 1666 2542 βολῶν
1691 2484 1737 2528 Α

162 2548 188 2586 6
220 2540 268 2587 δ’
307 2544 365 2589 Vi
485 2547 508 2586 7
543 2540 839 2618 ἐλαυνόμεθα
863 2543 966 2588 AGl
991 2546 999 2599 Ι
1025 2542 1136 2600 ἡμῖν
1168 2543 1274 2587 ViA
1395 2546 1420 2586 8
1454 2543 1559 2597 περὶ
1592 2542 1696 2587 ViA
1723 2543 1730 2598 Ι
1757 2542 1855 2586 ἐπι-

162 2603 460 2647 σκοπουντων
485 2603 531 2647 Α
558 2605 564 2659 Ι
592 2600 706 2648 ὁδὸν
737 2602 912 2646 inserui
942 2615 999 2646 ex
1023 2602 1371 2647 HViAGlBVa
1432 2615 1509 2645 om
1534 2602 1596 2645 M
1623 2600 1715 2645 edd

165 2666 220 2705 10
250 2665 420 2706 θανεῖν
453 2661 506 2706 δὲ
528 2663 574 2706 Α
697 2668 749 2705 11
783 2659 1010 2736 ἀνδρείαν
1033 2661 1090 2705 H
1096 2661 1257 2706 VaAGz
1287 2661 1379 2705 edd
1502 2665 1556 2704 12
1589 2660 1675 2704 οὐκ
1707 2657 1780 2703 ἔθ’
1805 2660 1861 2703 H

284 2725 339 2764 14
369 2726 448 2776 τῆς
479 2735 555 2766 om
579 2723 639 2765 M
762 2725 815 2764 15
848 2717 904 2764 οὗ
936 2720 1141 2766 δυνατὸν
1172 2715 1232 2777 ἦν
1265 2720 1431 2777 scripsi
1459 2734 1515 2764 ex
1540 2721 1597 2765 H
1652 2717 1857 2763 δυνατὸν

163 2775 222 2836 ἦν
256 2780 313 2824 Vi
386 2779 498 2825 οὐδὲ
535 2780 621 2837 τὴν
661 2780 806 2836 αὐτὴν
840 2779 1085 2824 c'zBVaM
1119 2779 1212 2824 edd
1288 2780 1342 2823 οὐ
1382 2779 1467 2836 τὴν
1498 2778 1645 2834 αὐτὴν
1669 2780 1715 2823 Α

164 2843 222 2884 16
253 2836 340 2883 οὖν
370 2853 445 2882 om
478 2840 549 2885 Va
597 2841 604 2895 Ι
645 2839 871 2896 πέμψασα
902 2852 979 2882 om
1002 2839 1048 2882 B
1171 2843 1224 2882 17
1259 2796 1535 2884 ἐνεπίπηλατο
1560 2838 1687 2883 AVa
1712 2837 1719 2895 Ι
1748 2836 1852 2893 οὐχ]

163 2895 265 2943 ἀλλ’
292 2899 338 2942 Β
373 2899 380 2955 Ι
423 2894 527 2943 οὐδ’
554 2899 791 2943 ABVaM
820 2897 911 2941 edd
1034 2902 1088 2941 19
1119 2898 1301 2966 περὶ]μ
1304 2897 1383 2943 st&
1410 2898 1462 2943 Gl
1582 2900 1638 2939 20
1669 2902 1753 2939 τοῦ
1776 2894 1854 2949 κή-

164 2972 305 3011 ρυκος
335 2970 411 3000 om
438 2958 499 3002 M
616 2962 667 2999 21
704 2963 856 3014 σχῆμα
887 2958 996 3000 ante
1028 2957 1084 3001 οὐ
1115 2956 1165 3000 in
1196 2915 1301 3000 Ιαομ
1302 2962 1327 2999 5
1358 2956 1440 3000 litt
1468 2956 1594 2999 inser
1617 2955 1701 2998 A
