2014 3158
449 110 663 156 PATRIS
695 109 1127 155 INFANTIGIDAE
1159 110 1456 154 DEFENSIO
1689 111 1794 163 407

106 248 461 319 περιέσεσθαι
502 247 887 317 σωφροσύνης·
926 246 1060 315 ὑμῖν
1099 242 1159 298 δὲ
1200 247 1305 315 ἄρα
1336 256 1448 299 τῶν
1480 247 1797 317 προσδοκω-

106 337 288 407 μένων
318 339 506 391 πόνων
540 337 547 406 Ι
583 337 898 405 δεινότερον
928 333 1103 388 ἐδόκει
1135 335 1200 387 τὰ
1231 343 1457 389 τοιαῦτα
1479 335 1618 406 παρ’
1663 341 1783 386 RIV
1800 345 1888 384 464

108 427 265 494 ὑμῶν
305 427 569 479 δίδοσθαι
614 424 705 478 καὶ
751 434 867 487 τοῖς
914 420 1040 477 οὖσι
1086 422 1211 494 παρ’
1258 422 1449 495 ἐκείνω
1497 426 1800 495 μειρακίοις

109 517 462 585 συνήχθεσθε
507 515 597 567 καὶ
645 515 806 581 δίκην
851 511 1027 581 ἥδιστ’
1075 512 1146 566 ἂν
1190 510 1330 583 ὑπὲρ
1379 522 1492 567 τῶν
1539 514 1800 584 ὑβρισμέ-

109 624 225 657 νων
280 602 512 672 ἐλάβετε.
585 603 667 655 13.
722 602 879 672 ὑμεῖς
939 599 1040 671 μὲν
1103 597 1207 655 οὖν
1269 602 1608 672 ἀπηλαύνετε
1668 606 1800 667 τοὺς

106 692 382 763 πρέσβεις,
430 693 458 746 ὁ
506 690 554 744 δ’
602 687 681 745 ὧν
727 690 1051 761 ἐπήγγειλεν
1097 691 1371 761 ἀτυχήσας
1417 692 1592 755 εὐθὺς
1645 689 1796 764 ἐπῄει

108 783 174 834 τὰ
227 782 390 850 ὅπλα,
444 782 606 850 ἡνίκα
659 783 789 844 τοὺς
845 779 1101 850 πρέσβεις
1155 779 1496 850 ἀπέστειλεν,
1557 780 1619 835 ἐν
1680 791 1798 845 ταῖς

108 874 312 940 χερσίν,
352 871 425 934 ὡς
464 872 632 938 εἰκός,
670 867 837 939 ἔχων,
886 870 1032 933 ὅπως
1070 870 1204 937 ὑμῖν
1243 869 1647 940 ἀπαρασκεύοις
1686 871 1798 924 ε’πί-

107 965 284 1013 θοιτο.
324 958 415 1012 καὶ
455 960 650 1013 αὐτίκα
683 960 851 1029 μεστὴ
883 956 986 1027 μὲν
1015 955 1086 1028 ἦν
1115 959 1148 1028 ἡ
1182 960 1331 1029 χώρα
1361 969 1472 1013 τῶν
1501 964 1798 1029 πολεμίων,

108 1049 175 1105 οἱ,
200 1047 433 1119 γεωργοὶ
473 1048 535 1102 δὲ
574 1050 602 1102 ὅ
642 1068 694 1101 τι
732 1049 1010 1117 ἠδύναντο
1049 1058 1161 1102 τῶν
1200 1057 1415 1102 σκευῶν
1454 1049 1681 1118 ἄγοντες
1721 1051 1798 1113 εἰς

107 1211 305 1269 ἐπειδὴ
336 1208 513 1271 χαίρω
547 1211 645 1267 μὲν
677 1210 778 1268 ἐγὼ
804 1209 965 1254 καὶτὰ
990 1209 1106 1268 ἑξῆς,
1132 1206 1231 1255 εἶτα
1255 1209 1368 1267 μετὰ
1393 1207 1444 1254 τὸ
1470 1212 1632 1255 δοκεῖ
1654 1211 1801 1261 εὐθὺς

108 1269 318 1328 συνάψαι
357 1268 728 1326 προσθέντων
767 1270 862 1314 καὶ
899 1277 1009 1314 τῶν
1051 1267 1339 1328 πρέσβεων
1378 1271 1476 1314 καὶ
1513 1277 1694 1314 ταῦτα
1733 1271 1802 1322 ὡς

107 1330 246 1387 εἰμὴ
271 1327 330 1375 τὸ
355 1338 508 1387 σῶμα
531 1327 906 1386 παραδοίητε,
931 1328 1342 1386 πολεμήσεσθε,
1361 1329 1518 1374 ἔπειτα
1536 1329 1800 1386 ἐπενεγκεῖν

106 1389 370 1446 οἰόμενος
402 1390 453 1435 ἐκ
484 1396 566 1434 τοῦ
597 1395 790 1433 τοιαῦτα
816 1388 896 1433 διὰ
918 1397 1011 1434 τῶν
1041 1387 1278 1447 πρέσβεων
1302 1389 1509 1433 ἀπειλεῖν
1541 1396 1637 1446 τῆς
1668 1390 1799 1445 ὑμε-

106 1448 271 1505 τέρας
301 1447 679 1505 περιέσεσθαι
711 1449 1080 1505 σωφροσύνης
1110 1451 1179 1507 τῷ
1212 1446 1365 1508 φόβῳ
1396 1456 1502 1494 τῶν
1530 1449 1798 1504 ἀπειλῶν,

106 1507 215 1554 δέον
247 1507 392 1561 οὕτως
422 1509 585 1564 εἰπεῖν,
618 1508 642 1552 ὁ
676 1505 727 1552 δὲ
761 1507 842 1552 διὰ
874 1507 1015 1564 μέσου
1049 1508 1191 1565 ἔθηκε
1223 1505 1274 1552 τὸ
1308 1508 1410 1564 ἐγὼ
1441 1505 1542 1564 μὲν
1574 1504 1678 1553 οὖν
1709 1508 1800 1554 ἐπὶ

105 1569 331 1620 τούτοις
362 1567 492 1627 μέχρι
523 1575 606 1612 τοῦ
637 1569 956 1627 θορυβεῖτε.
998 1563 1096 1612 εἶτα
1127 1566 1280 1612 θέλων
1303 1573 1383 1624 τῆς
1405 1567 1634 1624 προτέρας
1657 1567 1800 1612 πάλιν

106 1625 290 1679 ἐννοίας
322 1628 544 1685 ἅψασθαι
578 1626 779 1684 ἐπήγαγε
809 1625 861 1672 τὸ
894 1628 990 1671 καὶ
1028 1635 1207 1671 ταῦτα
1246 1625 1619 1683 προσθέντων
1652 1626 1800 1672 ἐκεί-

106 1704 215 1732 νων
246 1688 328 1732 aaz
357 1687 416 1732 τὰ
443 1687 558 1744 ἑξῆς,
591 1679 627 1747 ᾧ
646 1685 912 1732 ἀκόλουθον
937 1681 1010 1743 ἦν,
1043 1687 1104 1738 ὡς
1128 1686 1320 1744 ἔφαμεν,
1354 1687 1505 1731 εἰπεῖν
1537 1684 1801 1743 οἰόμενος

105 1750 176 1806 τῷ
217 1745 371 1806 φόβῳ
418 1763 475 1805 γε
523 1753 620 1803 τῆς
664 1746 938 1802 ὑμετέρας
983 1745 1362 1802 περιέσεσθαι
1410 1746 1798 1803 σωφροσύνης,

106 1805 225 1851 ’ὅθεν
255 1814 352 1858 τοῖς
383 1806 538 1857 ἁπλῶς
570 1806 791 1860 διεξιοῦσι
823 1804 1034 1851 σόλοικον
1067 1802 1189 1850 εἶναι
1221 1807 1363 1850 δοκεῖ.
1397 1805 1498 1850 ἐπεὶ
1526 1805 1578 1852 δὲ
1610 1804 1800 1863 εὕρηται

106 1866 187 1910 καὶ
218 1865 499 1922 οἰόμενοι,
531 1864 686 1922 φαμὲν
718 1865 892 1922 ταύτην
922 1866 1008 1922 τὴν
1040 1865 1234 1923 μετοχὴν
1258 1862 1374 1920 πρὸς
1403 1863 1456 1910 τὸ
1488 1867 1799 1924 θορυβεῖτε

108 1921 231 1969 εἶναι
272 1924 435 1977 οὕτως’
479 1923 534 1970 ὃν
581 1925 710 1981 ὑμεῖς
749 1925 1018 1984 ἐθορυβεῖτε
1057 1924 1465 1983 ὑπολαμβάνοντες
1502 1924 1801 1981 περιέσεσθαι

106 1982 187 2030 τὸν
219 1985 453 2040 τύραννον
484 1990 565 2039 τῆς
595 1983 836 2041 ἡμετέρας,
877 1981 991 2040 λέγω
1034 1983 1092 2058 δη
1130 1989 1212 2040 τῆς
1243 1985 1356 2040 ἐμοῦ
1389 1985 1470 2029 καὶ
1500 1991 1582 2029 τοῦ
1614 1983 1798 2038 παιδός,

107 2045 409 2101 σωφροσύνης
439 2047 500 2103 τῷ
536 2043 670 2104 φόβῳ
700 2051 800 2089 τῶν·
817 2045 1034 2099 ἀπειλῶν,
1068 2059 1178 2099 οπερ
1204 2041 1298 2089 ἀπὸ
1322 2051 1414 2088 τῶν
1439 2043 1605 2101 ἐφεξῆς
1629 2042 1800 2102 ἐλέγχε-

107 2119 183 2147 ται
214 2103 294 2148 καὶ
326 2107 435 2165 νικᾷ
468 2101 735 2160 οἰόμενος
765 2103 1034 2160 γράφεσθαι
1074 2104 1205 2158 Wolf
1231 2105 1281 2147 at
1313 2103 1370 2148 cf.
1404 2105 1437 2148 17.
1462 2103 1610 2159 1480,
1629 2107 1705 2158 153
1737 2103 1800 2147 IV

107 2166 283 2218 390‚10

107 2311 380 2367 μηθήσεσθε
412 2311 612 2356 LaViCl
659 2313 665 2366 Ι
716 2297 929 2367 οἰόμενός
954 2311 1013 2354 Μ
1088 2309 1300 2367 οἰόμενος
1339 2314 1386 2356 et
1426 2308 1630 2368 οἰόμενοι
1670 2309 1799 2354 schol

116 2372 247 2425 Wolf
314 2370 520 2427 οἰόμενοί
560 2387 609 2427 γε
648 2370 750 2414 Mor
789 2370 869 2414 sed
910 2385 983 2414 om
1024 2387 1078 2427 γρ
1117 2371 1165 2414 in
1201 2386 1354 2428 marg,
1387 2371 1454 2414 Re
1531 2368 1742 2425 οἰόμενος
1774 2369 1803 2414 ὅ

107 2429 262 2534 &1331
294 2428 406 2490 ᾤετο
438 2429 521 2487 μέν
553 2446 603 2487 γε
635 2429 741 2474 coni
771 2429 874 2473 Mor
903 2429 999 2474 Not
1029 2429 1062 2474 f.
1086 2429 1171 2474 VH
1220 2434 1225 2485 1
1275 2447 1326 2488 γε
1357 2432 1464 2487 post
1497 2429 1628 2488 φόβῳ
1659 2430 1731 2473 La
1743 2430 1801 2473 Vi

227 2583 252 2622 2
285 2575 336 2623 τὸ
364 2578 417 2623 Ol
538 2583 562 2622 3
595 2579 705 2635 ἡμῖν
733 2577 785 2623 Ul
905 2581 931 2620 5
963 2577 1046 2634 μὲν
1078 2592 1153 2621 om
1181 2578 1382 2623 OrHVC
1408 2578 1518 2621 Fen·
1545 2577 1551 2632 Ι
1578 2576 1661 2632 μὲν
1693 2578 1799 2631 post

110 2637 396 2694 ἀπηλαύνετε
430 2651 532 2682 eras
566 2638 610 2682 V
731 2642 756 2680 6
791 2634 816 2681 ὁ
848 2633 895 2681 δ’
932 2637 1095 2693 scripsi
1128 2652 1151 2680 e
1181 2637 1239 2681 Or
1300 2635 1371 2681 ὅδ’
1403 2638 1460 2681 H
1467 2637 1656 2681 ViClVa
1687 2635 1798 2679 Fen·

168 2694 192 2740 ὃ
226 2694 272 2741 δ’
309 2695 572 2741 VGLaMB
604 2696 706 2740 Mor
735 2696 804 2740 Re
853 2697 859 2742 Ι
910 2693 974 2739 ὣν
999 2696 1075 2741 La
1114 2697 1196 2739 sed
1222 2694 1232 2710 ‘
1271 2697 1318 2739 in
1351 2710 1426 2739 ras
1476 2700 1483 2751 Ι
1532 2693 1797 2752 ἐπήγγειλεν

109 2755 274 2812 scripsi
306 2770 330 2800 θ
357 2756 593 2801 OrHVLa
605 2757 708 2800 ViB
732 2756 786 2798 ut
818 2755 922 2799 coni
954 2755 1022 2800 Re
1084 2754 1354 2813 ἐπήγγελλεν
1380 2757 1440 2799 M
1449 2756 1517 2799 Va
1578 2752 1796 2811 ἀπήγγει-

107 2816 183 2859 λεν
210 2815 300 2860 ool
331 2815 422 2859 edd
545 2820 567 2858 7
601 2822 703 2864 ταῖς
733 2813 906 2857 inserui
938 2828 962 2857 ο
993 2814 1125 2858 libris
1188 2828 1263 2858 om
1294 2814 1385 2858 edd
1506 2817 1532 2855 8
1565 2813 1675 2869 ἡμῖν
1702 2812 1754 2857 ΟΖ
1787 2814 1792 2871 ἦ

107 2873 538 2929 ἀπαρασκευάστοις
570 2875 628 2918 Vi
653 2875 658 2930 Ι
687 2873 900 2918 ἐπιθοῖτο
927 2874 1072 2917 LaVi
1132 2871 1339 2917 ἐπίθειτο
1366 2873 1427 2916 Μ
1449 2871 1504 2915 cf.
1530 2874 1562 2915 b.
1587 2871 1629 2914 11
1655 2876 1752 2924 181,
1772 2877 1792 2914 1

229 2937 254 2975 9
286 2932 370 2989 μὲν
402 2947 477 2976 om
501 2933 559 2977 Vi
585 2935 591 2988 Ι
619 2927 677 2988 ἦν
701 2946 777 2976 om
805 2933 907 2976 MR
1031 2937 1085 2975 10
1111 2929 1181 2976 ὅτι
1207 2933 1342 2976 ViVa

1823 1070 1865 1102 10
