2044 3168
313 121 419 174 154
888 119 1181 166 GREGORII
1212 121 1414 166 CYPRII

307 259 585 326 αθροίζων
631 259 800 327 χορὸν
838 259 1165 327 μεθυόντων
1203 256 1467 310 ἐλάττονά
1513 270 1603 310 σοι
1648 259 1714 311 τὰ
1754 261 1996 329 χρήματ
2024 244 2031 334 ι’

305 342 503 413 ἔδειξα,
544 347 788 417 σώφρων
826 347 930 415 γάρ
970 355 1289 416 περιφανῶς
1329 344 1434 414 ἐγὼ
1466 344 1555 398 καὶ
1589 355 1701 399 τῶν
1731 347 1963 401 τοιούτω

308 435 444 488 ὅσον
496 439 757 489 πλεῖστον
810 435 1150 504 ἀφεστηκώς,
1206 437 1284 497 εἰς
1339 431 1400 488 δὲ
1452 436 1513 488 τὸ
1569 435 1670 487 σὸν
1725 437 2031 490 σπεύδων·

307 524 455 586 ὅπως
494 523 807 591 ἀνενεγκὼν
853 524 994 594 ῥοπῇ
1040 525 1311 591 κρείττονι
1358 525 1525 594 τύχῃς
1569 531 1665 592 τῆς
1714 527 2033 598 σωτηρίας.

264 631 284 665 5
309 613 395 664 27.
437 606 549 665 εἶτα
600 614 733 682 μετὰ
778 622 891 666 τῶν
949 614 1275 683 κακούργων
1327 614 1504 684 ἡγήσῃ
1558 613 1657 666 τὸν
1711 613 1885 676 οὕτως
1938 612 2034 668 ἐν·

307 710 422 764 τοῖς
474 705 663 764 καλοῖς
718 701 1122 770 διαπρέψαντας
1177 700 1268 755 καὶ
1325 711 1440 764 πῶς
1487 701 1554 755 οὐ
1601 711 1780 755 ποιῶν
1826 701 2010 766 δόξεις.

306 790 511 844 ταύτὸν
548 799 681 859 τοῖς,
722 790 838 843 ἀλλ’
879 791 979 844 οὐκ
1015 788 1118 860 ἔχω
1158 792 1307 844 τίσιν
1338 792 1515 843 εἰπεῖν
1553 791 1699 858 πλὴν
1740 799 1856 854 τοῖς
1896 789 2015 844 ὑπ’

308 878 675 948 ἀναισθησίας
724 880 815 932 καὶ
879 879 1101 933 ἀδικίαν
1154 878 1245 932 καὶ
1297 880 1660 948 δικαιοσύνην
1705 880 2037 944 κολάζουσι

306 966 398 1020 καὶ
457 969 829 1036 σωφροσύνην
885 965 1391 1037 ἀποστρεφομένοις
1447 966 1538 1021 καὶ
1586 967 1856 1039 ἀκρασίαν
1907 967 1996 1022 καὶ
2015 953 2039 1027 ἶ,

242 1076 285 1109 10
307 1057 408 1125 τὴν
463 1057 634 1125 αὐτὴν
690 1057 755 1110 οὐ
803 1055 929 1125 περὶ
983 1067 1094 1109 τῶν
1148 1057 1333 1110 αὐτῶν
1379 1059 1566 1126 ἔχουσι
1613 1055 1805 1121 δόξαν;
1852 1059 1900 1110 εἰ
1941 1059 1974 1111 δ
1987 1049 2033 1103 ”’>

308 1147 543 1214 ἄσεμνος
581 1144 610 1198 ὁ
651 1147 813 1213 λόγος
851 1144 942 1198 καὶ
981 1146 1176 1213 ἥκιστα
1221 1148 1513 1214 προσήκων
1559 1147 1818 1216 εἰρῆσθαι
1864 1147 2002 1217 πρὸς
2027 1131 2033 1139 ⁷

308 1233 393 1301 σέ,
440 1234 589 1302 κάγὼ
637 1231 739 1304 μὲν
789 1234 1064 1304 ὁμολογῶ,
1117 1236 1264 1303 πλὴν
1314 1241 1495 1306 σαυτῷ
1543 1233 1859 1304 μέμφεσθαι
1909 1180 2044 1308 §cmg

307 1332 423 1386 τοῖς
462 1332 580 1386 σοῖς
617 1320 802 1393 ἔργοις
841 1325 1027 1392 νόμιζε
1067 1325 1203 1392 δεῖν,
1239 1325 1274 1376 δέ
1308 1343 1370 1391 γε
1408 1324 1497 1376 καὶ
1538 1326 1668 1386 τοὺς
1708 1323 1872 1392 ἐμοὺς
1911 1326 2000 1377 λό-
2039 1319 2043 1331 ³

308 1433 443 1480 γους
486 1413 807 1482 εὑρίσκεται.
849 1414 896 1465 εἰ
928 1413 1032 1482 γὰρ
1057 1414 1130 1481 μὴ
1160 1413 1260 1465 τὸν
1292 1411 1584 1482 εὐεργέτην
1614 1422 1791 1475 κακῶς
1823 1411 2001 1481 λέγων
2042 1479 2043 1483 ¹

242 1521 283 1553 15
309 1500 496 1570 ἠξίους
547 1510 665 1564 τοῖς
712 1499 1042 1568 δυσμενέσιν
1097 1499 1506 1570 ἐγκαταλέγειν,
1561 1501 1663 1554 οὐκ
1710 1499 1779 1553 ἂν
1833 1519 1998 1572 παρε-

308 1591 552 1658 βιάσθην
591 1589 748 1659 μέχρι
786 1591 1045 1643 τοιούτου
1091 1593 1392 1659 προελθεῖν
1437 1590 1891 1660 παραδείγματος.
1944 1591 2001 1643 τί

271 1673 284 1682 ’
309 1678 393 1746 δέ,
441 1678 545 1731 κᾶν
591 1678 696 1746 ἐγὼ
747 1680 819 1747 μὴ
866 1677 1030 1747 λέγω,
1069 1677 1174 1731 κᾶν
1220 1680 1383 1741 ἄλλος
1428 1698 1511 1740 τις
1557 1688 1668 1731 τῶν
1721 1677 1997 1746 ἁπάντων,

310 1768 411 1820 οὐκ
465 1772 568 1820 οἰέι
621 1768 711 1820 καὶ
764 1768 998 1830 τούτους
1059 1767 1235 1837 ὀρθῆς
1287 1767 1508 1836 γνώμης
1564 1768 1727 1829 ὄντας
1771 1769 2000 1837 κυρίους

309 1864 435 1926 σιγῇ
482 1854 612 1909 καθ’
659 1854 890 1918 ἑαυτοὺς
935 1857 1286 1925 παραπλήσια
1331 1866 1447 1919 τοῖς
1497 1854 1805 1925 εἰρημένοις
1850 1858 2000 1924 λογί-

242 1965 285 1996 20
311 1948 499 2009 ζεσθαι
530 1943 655 2015 περὶ
680 1953 805 2008 σοῦ;
846 1945 931 1997 28.
964 1935 1155 2013 βούλει
1189 1943 1364 2012 λέγων
1396 1945 1590 2014 ἄριστα
1622 1942 1710 1996 καὶ
1742 1944 1998 2014 πράττων

309 2041 566 2102 φανῆναι.
604 2032 851 2101 ἡγείσθω
886 2048 974 2086 σοι
1008 2034 1267 2102 λογισμὸς
1297 2033 1403 2103 πρὸ
1436 2032 1658 2086 πάντων
1689 2030 1869 2102 ἔργων
1907 2034 1998 2086 καὶ

309 2123 506 2190 λόγων,
560 2120 652 2174 καὶ
697 2120 950 2190 μέμψεως
1002 2123 1187 2191 χώραν
1235 2123 1430 2184 δώσεις
1473 2121 1742 2190 μηδέποτε
1788 2123 1996 2190 μηδενί.

309 2211 505 2264 ὁποῖον
545 2210 711 2281 ἐχρῆν
749 2210 853 2263 κάν
898 2219 1014 2272 τοῖς
1054 2213 1238 2279 λόγοις
1276 2211 1494 2272 τούτοις
1535 2211 1834 2279 φυλάττειν
1883 2218 1998 2272 τοῖς

308 2297 422 2351 κατ’
488 2298 646 2367 ἐμοῦ,
703 2308 892 2369 πρῶτα
937 2296 1037 2365 μὲν
1093 2299 1534 2367 ἀναλογίσασθαι
1588 2299 1727 2366 πρὸς
1781 2297 1996 2367 ἑαυτόν,

241 2407 283 2440 25
307 2395 416 2440 ποῦ
454 2404 587 2439 ποτε
624 2395 737 2439 τῶν
778 2388 978 2440 δεινῶν
1023 2383 1190 2455 ἦσθα,
1229 2387 1262 2455 ἢ
1302 2389 1374 2456 μὴ
1416 2387 1729 2455 δυνάμενον
1769 2386 1997 2440 οἴκοθεν

307 2476 582 2543 συνιδεῖν,
639 2474 866 2545 ἐρέσθαι
919 2478 1050 2538 τοὺς
1102 2476 1301 2538 ἄλλους
1355 2474 1445 2528 καὶ
1498 2473 1625 2544 παρ’
1684 2475 1869 2527 αὐτῶν
1915 2475 1997 2527 δι-

309 2565 586 2632 δαχθῆναι
633 2564 705 2624 ὡς
755 2562 1104 2626 ἐκινδύνευες
1153 2562 1333 2632 μηκέτ’
1382 2560 1548 2632 εἶναι,
1594 2569 1816 2616 κεῖσθαι
1863 2565 1996 2630 μετὰ

306 2661 419 2704 τῶν
450 2650 511 2704 ἐν
534 2650 737 2719 Ἅιδου,
778 2652 1068 2704 ἀπολιπεῖν
1107 2651 1174 2705 οὐ
1206 2654 1382 2721 μόνον
1412 2653 1477 2704 τὰ
1510 2655 1645 2720 φίλα
1676 2654 1829 2704 ταυτὶ
1867 2652 1995 2721 χρή-

306 2759 464 2807 ματα,
504 2739 642 2792 ἀλλὰ
679 2739 771 2792 καὶ
811 2746 865 2792 εἴ
891 2760 943 2793 τι
983 2741 1172 2809 χάριεν
1204 2743 1310 2792 σὺν
1349 2741 1536 2802 αὐτοῖς
1574 2741 1672 2793 τὸν
1710 2739 1996 2808 ἀνθρώπι-

427 2875 453 2913 4
485 2883 595 2915 voce
628 2867 852 2926 σωτηρίας
883 2870 965 2913 des
995 2884 1054 2924 pr
1174 2875 1199 2913 8
1233 2868 1551 2927 ἀναισθησίαν
1578 2871 1621 2914 V
1736 2875 1788 2912 11
1822 2874 1994 2924 προσῆ-

308 2945 393 2973 κον
435 2930 479 2974 V
592 2934 646 2972 13
681 2927 759 2973 ἃτε
785 2930 828 2972 L
949 2934 1005 2971 26
1041 2928 1230 2983 ἔρεσθαι
1263 2930 1307 2973 V
