2044 3168
0 350 11 382 -·
0 306 9 332 w<
0 141 18 288 arn-⁸9⁶(-

118 83 414 130 PAUPERIS
445 84 564 130 PRO
596 85 823 130 PATRIA
853 85 1007 131 MORI
1041 85 1355 132 CUPIENTIS
1388 86 1612 132 ORATIO
1708 86 1812 140 183

234 225 374 284 Quod
405 226 536 274 inter
559 226 780 291 singulos
805 225 995 275 codices
1019 227 1285 276 intercedit
1308 227 1683 276 necessitudinis
1707 228 1814 277 vin-

123 301 286 349 culum
316 301 408 349 hoc
439 300 534 349 tibi
565 301 738 349 reddet
768 302 999 350 stemma:

1259 892 1374 1079 iva

119 1162 169 1209 B
202 1161 353 1210 etiam
384 1163 486 1210 vim
517 1163 700 1212 codicis
730 1166 767 1226 f,
798 1180 886 1226 per
918 1179 1064 1226 quem
1104 1163 1179 1212 Va
1211 1179 1269 1210 ex
1302 1177 1324 1210 e
1355 1162 1519 1223 fluxit,
1559 1163 1815 1224 expertum

120 1251 223 1285 esse
259 1237 531 1285 multarum
570 1238 702 1286 inter
741 1254 852 1286 eum
888 1240 938 1286 et
972 1239 1046 1286 Va
1084 1236 1354 1286 lectionum
1394 1251 1658 1285 consensus
1699 1252 1814 1284 con-

119 1310 298 1359 firmat.

231 1384 289 1432 In
335 1386 621 1434 universum
666 1386 748 1435 hic
796 1403 993 1450 quoque
1040 1386 1178 1449 prior
1224 1385 1417 1434 familia
1464 1386 1674 1433 alteram
1718 1385 1814 1432 fide

120 1461 334 1522 superat.

231 1534 537 1583 Testimonia
568 1537 683 1583 sunt
705 1537 973 1584 rarissima.
1018 1535 1147 1583 Nam
1180 1536 1223 1583 si
1245 1533 1649 1596 Nicephorum
1675 1533 1813 1582 Gre-

120 1623 321 1672 goram
355 1608 553 1671 excipiS,
586 1609 671 1671 qui
695 1611 746 1658 in
773 1611 1125 1658 commentario
1152 1609 1215 1656 ad
1241 1607 1435 1671 Synesii
1464 1607 1524 1655 de
1555 1608 1814 1657 insomniis

120 1681 393 1731 orationem
418 1700 463 1746 p.
485 1685 590 1731 428
618 1684 691 1733 ed.
709 1684 814 1733 Pet.
828 1678 870 1750 1)
887 1686 1038 1733 huius
1064 1686 1114 1732 et
1136 1683 1374 1732 similium
1399 1683 1814 1731 declamationum

240 1841 281 1896 1)
315 1838 382 1884 cf.
415 1839 644 1898 Terzaghi
677 1839 808 1884 stud.
841 1840 942 1884 ital.
978 1839 1027 1883 di
1058 1839 1119 1883 fil.
1154 1839 1288 1884 class.
1314 1838 1400 1883 XII
1427 1843 1508 1883 181
1530 1852 1597 1894 sq.
1631 1839 1678 1883 et
1708 1838 1814 1883 XIII

118 1902 205 1942 437
223 1912 292 1954 sq.
323 1899 478 1943 Verba
504 1899 687 1957 Synesii
720 1902 829 1944 sunt
859 1915 904 1956 p.
933 1900 1071 1943 155ss
1104 1899 1188 1944 οὐκ
1222 1900 1271 1944 ἐν
1303 1902 1449 1956 καιρῷ
1481 1914 1561 1955 μοι
1592 1899 1814 1943 δοκοῦσιν

120 1957 367 2015 ἐμμελετᾶν
397 1958 483 2016 τὴν
515 1957 760 2016 δεινότητα
786 1957 1024 2018 Μιλτιάδῃ
1053 1959 1134 2003 καὶ
1158 1956 1342 2014 Κίμωνι
1364 1955 1446 2002 καί
1475 1971 1566 2002 τισι
1589 1958 1669 2002 καὶ
1693 1959 1814 2003 ἀνω-

119 2017 281 2074 νύμοις
310 2017 391 2062 καὶ
422 2016 626 2079 πλουσίῳ
656 2019 737 2063 καὶ
768 2018 933 2075 πένητι
954 2018 1012 2062 τὰ
1039 2017 1090 2062 ἐκ
1112 2015 1346 2069 πολιτείας
1372 2017 1574 2075 ἐχθροῖς,
1606 2017 1722 2072 ὑπὲρ
1749 2013 1813 2062 ὧν

120 2077 207 2134 ἐγὼ
240 2078 320 2122 καὶ
351 2078 612 2137 πρεσβύτας
642 2078 929 2132 ἀνθρώπους
960 2074 1088 2122 εἶδον
1123 2077 1172 2123 ἐν
1203 2077 1391 2138 θεάτρῳ
1416 2081 1811 2134 ζυγομαχοῦντας·

120 2137 167 2181 et
190 2136 230 2179 D
256 2143 347 2182 ποῦ
379 2136 467 2194 γὰρ
499 2135 560 2182 ἂν
593 2136 662 2194 εἴη
695 2138 776 2181 καὶ
800 2134 1009 2182 πολιτεία
1031 2137 1221 2194 τοιαύτη
1246 2135 1384 2194 γέρας
1407 2137 1586 2191 ἀριστεῖ
1614 2137 1813 2181 διδοῦσα

118 2203 295 2240 κτεῖναι
327 2194 521 2253 πολίτην
553 2196 1038 2254 ἀντιπολιτευόμενονς
1079 2194 1285 2254 καίτοιγε
1326 2195 1450 2248 ὅστις
1487 2195 1812 2253 ἐνενηκοντού-

117 2271 199 2312 της
231 2252 296 2300 ἓὸν
326 2254 511 2312 πλάσμα
543 2254 830 2313 ἀγωνίζεται,
861 2255 927 2307 εἰς
957 2263 1094 2301 ποῖον
1119 2257 1285 2311 καιρὸν
1309 2253 1589 2300 ἀνατίθεται
1611 2255 1697 2313 τὴν
1719 2262 1813 2300 τῶν

117 2313 267 2371 λόγων
299 2314 551 2370 ἀλήθειαν;
593 2316 652 2359 ad
685 2329 882 2371 quorum
913 2315 1069 2373 priora
1101 2313 1321 2374 (πλουσίῳ
1354 2315 1432 2358 καὶ
1464 2313 1643 2372 πένητι)
1677 2314 1813 2359 Nice-

118 2373 292 2430 phorus
316 2373 480 2430 ὥσπερ,
507 2375 676 2431 inquit,
703 2373 727 2420 6
751 2374 976 2434 Λιβάνιος
999 2375 1050 2420 ἐν
1073 2373 1294 2431 μελέταις,
1327 2374 1387 2418 ad
1411 2373 1560 2418 altera
1584 2372 1812 2431 (πολίτην)

118 2439 313 2477 τοιαῦτα
342 2435 645 2492 προβλήματα
676 2433 823 2478 πολλὰ
855 2433 1163 2488 προτνθέασιν
1195 2433 1240 2478 οἱ
1273 2431 1462 2491 ῥήτορες
1494 2432 1704 2488 ἀλλήλοις
1734 2450 1812 2490 γυ-

119 2490 318 2548 μνασίας
350 2491 498 2546 ἕνεκα,
532 2493 612 2538 καὶ
635 2492 827 2548 μάλιστα
852 2492 1043 2538 πάντων
1060 2491 1344 2551 Ἑρμογένης
1370 2491 1393 2537 6
1423 2492 1630 2548 Ταρσεύς
1652 2492 1727 2549 (cf.
1753 2491 1811 2536 de

119 2551 320 2595 statibus
336 2551 471 2596 Rhet.
489 2567 557 2611 gr.
574 2552 635 2596 111
655 2557 813 2608 30‚22;
833 2558 902 2606 52,
917 2557 984 2598 10.
1011 2552 1203 2606 Quintil.
1223 2552 1339 2597 decl.
1358 2552 1450 2607 XI),
1470 2549 1534 2596 ὧν
1551 2551 1608 2596 τὰ
1624 2554 1812 2596 πλεῖστα

119 2608 450 2668 διαδεχόμενος
481 2611 504 2655 6
538 2611 762 2670 Λιβάνιος
794 2611 977 2668 ἐμελέτα
1016 2611 1100 2669 τὴν
1142 2610 1251 2668 ὅλην
1291 2610 1520 2656 ὑπόθεσιν
1560 2611 1626 2663 εἰς
1668 2617 1812 2668 μῆκος

120 2667 334 2715 ἐκτείνων
367 2671 447 2714 καὶ
486 2670 698 2715 πλάττων
737 2671 817 2715 καὶ
857 2670 1006 2727 ὥσπερ
1047 2685 1218 2729 σκιαμα
1251 2678 1316 2715 ῶν
1355 2670 1435 2714 καὶ
1473 2669 1812 2727 ἀγωνιζόμενος

120 2726 276 2779 οὕτως.
309 2727 534 2786 μέμνηται
565 2728 651 2774 οὖν
686 2729 894 2774 ἐνταῦθα
927 2729 952 2775 6
979 2729 1203 2782 Συνέσιος
1250 2730 1332 2781 νὸς
1355 2737 1447 2774 τῶν
1474 2728 1810 2787 προβλημάτων

121 2786 330 2832 ἐκείνων·
381 2788 474 2833 ἔστι
505 2786 555 2834 δὲ
587 2788 715 2833 τόδε·
763 2787 906 2846 πένης
936 2790 1014 2834 καὶ
1047 2789 1267 2840 πλούσιος
1306 2786 1489 2847 ἐχθροί·
1530 2787 1751 2845 ὑπέσχετο
1785 2786 1808 2831 ὁ

118 2846 337 2898 πλούσιος
366 2845 569 2904 θρέψειν
600 2850 709 2898 τοὺς
739 2846 942 2904 πολίτας,
977 2849 1018 2894 εἰ
1047 2848 1181 2907 λάβοι
1211 2848 1293 2893 τὸν
1323 2846 1499 2904 πένητα
1526 2847 1644 2902 πρὸς
1674 2844 1809 2891 ἀναί-

121 2919 260 2961 ρεσιν.
295 2906 468 2952 ἔδωκεν
493 2906 516 2951 ὁ
543 2910 699 2965 δῆμος.
733 2908 818 2952 οὐκ
844 2908 1048 2965 ἔθρεψεν
1074 2907 1098 2952 ὁ
1123 2907 1341 2959 πλούσιος
1369 2907 1478 2957 τοὺς
1499 2913 1581 2950 τοῦ
1614 2903 1810 2970 πένητος
