2014 3158
340 131 482 175 FILII
512 130 876 175 INSIDIARUM
908 130 1011 174 REI
1042 130 1267 175 MORTIS
1298 130 1539 175 ΡΕΤΙΤΙΟ
1695 131 1799 183 717

100 265 313 339 εἰσῄειν
359 263 440 320 ὧν
487 264 654 320 οὐδὲν
701 264 818 320 ἔστι
863 286 957 335 μοι
1003 274 1136 334 νῦν,
1185 267 1286 320 οὐκ
1326 265 1395 320 ἂν
1439 265 1707 335 ἐξήρκουν
1745 267 1801 319 αἱ

100 356 307 427 ὀφρύες
345 362 420 429 τῷ
454 354 618 425 πατρὶ
657 355 750 408 καὶ
787 355 855 408 τὰ
894 356 1137 423 νεύματα
1175 356 1267 408 καὶ
1306 356 1474 425 μικρὰ
1512 356 1670 424 φωνὴ
1710 353 1801 407 καὶ

101 449 399 515 πρόσωπον
429 445 668 514 κατηφὲς
699 446 789 497 καὶ
822 447 902 511 τό,
935 440 976 496 ὦ
1016 447 1191 512 θεοί,
1231 446 1294 497 τί
1330 446 1446 514 γὰρ
1489 443 1798 512 ἐγάμουν;

99 534 188 587 34.
228 532 398 587 οὐδὲν
443 529 548 587 οὖν
594 533 786 602 ἕτερον
824 532 857 601 ἢ
899 533 961 586 ἐν
1007 535 1238 602 σχήματι
1285 537 1515 602 κρίσεως
1564 533 1801 586 ἀπολοῦ-

99 643 197 692 μαι
243 621 334 676 καὶ
382 625 565 677 δοκῶν
610 632 723 675 τῶν
768 622 908 675 ἴσων
954 621 1200 691 μετέχειν
1247 625 1324 684 εἰς
1371 622 1569 675 ἄνισον
1611 621 1801 690 ἀγῶνα
1847 644 1867 677 5

101 711 451 779 ἐμπεσοῦμαι.
492 705 536 784 ᾧ
586 713 781 764 τοίνυν
829 712 977 764 ἅπαν
1024 713 1297 781 δικαίωμα
1343 713 1480 779 πρὸς
1526 712 1802 780 σωτηρίαν

99 801 377 870 ἄχρηστον
423 801 513 853 καὶ
568 802 629 854 τὸ
683 801 900 862 πάντως
955 800 1271 853 ἁλώσεσθαι
1324 801 1631 869 πρόδηλον,
1685 808 1801 862 πῶς

99 889 203 942 οὐκ
243 888 312 942 ἂν
352 889 583 958 ἀνόητος
623 888 743 957 εἵην
781 890 854 957 μὴ
896 888 1136 958 φθάνων
1175 892 1306 951 τοὺς
1346 877 1628 952 δικαστάς;

212 977 297 1030 35.
325 976 483 1046 Ὅτι,
524 980 714 1047 φησίν,
754 978 1073 1047 ὀμοῢνται
1112 978 1217 1030 καὶ
1259 977 1395 1031 οὐδ’
1443 980 1497 1030 εἰ
1542 980 1800 1046 σφόδρα

99 1068 480 1135 βούλοιντο,
519 1066 884 1136 χαρίσαιντ’
934 1066 1011 1119 ἂν
1049 1067 1320 1138 θατέρῳ.
1359 1067 1638 1120 κωλύσει
1677 1068 1798 1136 γὰρ
1824 1089 1868 1122 10

99 1156 129 1209 6
171 1158 389 1224 φόβος.
436 1155 542 1224 ἐγὼ
583 1153 646 1209 δὲ
685 1155 980 1225 ἀμελήσειν
1017 1153 1120 1222 μὲν
1160 1156 1339 1226 ὅρκων
1379 1157 1481 1210 οὐκ
1520 1155 1590 1209 ἂν
1629 1158 1800 1209 αἰτια-

99 1247 303 1314 σαίμην
341 1247 472 1308 τοὺς
510 1245 949 1314 ψηφιουμένους,
990 1241 1117 1298 οἶδα
1157 1245 1219 1297 δὲ
1257 1247 1498 1307 πολλοὺς
1536 1246 1800 1308 πολλάκις

98 1342 212 1386 τῶν
251 1336 526 1387 δικαστῶν
565 1334 655 1387 καὶ
694 1342 867 1387 ταῦτα
904 1334 1006 1387 οὐκ
1038 1334 1234 1403 ὀλίγην
1263 1334 1668 1402 πεποιημένους
1699 1341 1799 1387 τοῦ

97 1424 172 1491 μὴ
226 1429 726 1491 παρακρουσθῆναι
779 1425 1052 1492 πρόνοιαν
1102 1422 1497 1491 ἠπατημένους.
1559 1423 1643 1475 36.
1684 1433 1800 1486 πῶς

101 1512 170 1579 δὴ
226 1519 388 1564 τοῦτο
446 1513 716 1580 γίγνεταις
777 1513 925 1581 παρὰ
985 1521 1097 1564 τῶν
1152 1511 1524 1580 δικαζομένων
1585 1509 1800 1581 ἔρχεται
1823 1533 1866 1567 15

98 1603 486 1669 μαθησόμενος
525 1601 554 1654 6
595 1602 854 1670 δικαστὴς
893 1599 1018 1671 περὶ
1059 1596 1138 1654 ὧν
1177 1610 1478 1670 ψηφιεῖται.
1535 1598 1690 1654 οὗτοι
1738 1601 1800 1654 δὲ

97 1686 230 1742 ποτὲ
283 1689 386 1756 μὲν
443 1691 644 1753 ἱκανῶς
699 1689 983 1757 ἐδίδαξαν,
1038 1687 1169 1743 ποτὲ
1223 1687 1285 1742 δὲ
1337 1690 1419 1742 οὔ.
1473 1690 1688 1742 τούτων
1738 1685 1799 1742 δὲ

98 1779 363 1841 πολλάκις
410 1780 464 1832 οἱ
511 1779 613 1848 μὲν
659 1777 836 1832 δεινοὶ
885 1780 1028 1850 λόγῳ
1078 1778 1402 1847 διαστρέψαι
1440 1777 1701 1847 τάληθές,
1745 1779 1799 1831 οἱ

100 1865 162 1920 δὲ
202 1868 268 1920 οὐ
309 1869 579 1922 δύνανται
618 1869 864 1937 δηλῶσαι
902 1866 1027 1937 περὶ
1067 1864 1148 1922 ὧν
1186 1865 1412 1938 ἔχουσιν
1452 1869 1665 1930 ἱκανῶς.
1713 1866 1799 1920 ἐν-

97 1955 262 2009 ταῦθ’
309 1953 412 2010 οὖν
451 1957 591 2026 ὁμοῦ
631 1977 689 2011 τε
728 1959 789 2010 τὸ
831 1959 1050 2011 δίκαιον
1088 1958 1311 2026 ἡττᾶται
1351 1955 1442 2009 καὶ
1473 1956 1502 2009 6
1535 1956 1697 2025 ὅρκος
1729 1955 1797 2008 οὐ
1822 1979 1867 2012 20

96 2048 508 2114 παραβαίνεται.
569 2046 598 2100 6
654 2048 757 2115 γὰρ
822 2048 972 2099 ἄκων
1027 2046 1286 2116 ἁμαρτὼν
1338 2054 1438 2099 τοῦ
1493 2047 1799 2114 προσήκον-

98 2152 191 2196 τος
238 2136 414 2197 αἰτίας
461 2132 577 2198 ἔξω.
641 2135 726 2189 37.
767 2134 859 2188 καὶ
906 2135 1108 2188 τούτου
1155 2135 1364 2204 μάρτυς
1411 2134 1439 2188 6
1492 2131 1799 2202 νομοθέτης

99 2221 478 2291 ἀπομνησθείς
531 2243 590 2277 τε
652 2223 859 2292 ἀπάτης
914 2225 1005 2277 καὶ
1066 2225 1449 2293 καταρώμενος
1510 2220 1633 2274 ἀντὶ
1686 2231 1799 2275 τῶν

97 2311 464 2379 παρηγμένων
503 2320 619 2375 τοῖς
658 2314 1063 2381 φενακίζουσιν.
1105 2314 1154 2365 εἰ
1193 2310 1254 2365 δὲ
1292 2317 1575 2380 πανταχοῦ
1614 2311 1674 2363 τὸ
1715 2312 1798 2363 δι’-

220 2402 479 2487 1s'[b4m‡]]
511 2442 715 2484 prooem.
742 2433 797 2472 46
830 2444 874 2485 p.
904 2433 1033 2483 1453,
1053 2433 1126 2481 133
1176 2428 1304 2472 Dem.
1338 2426 1457 2471 Phil.
1483 2426 1548 2469 1v
1577 2441 1622 2481 p.
1653 2431 1795 2482 151,4

221 2537 242 2574 1
278 2531 327 2574 αἱ
359 2545 436 2575 om
462 2532 654 2577 MaolB
783 2538 808 2575 2
843 2532 1015 2587 ὀφρῦες
1047 2533 1258 2576 VaMaB
1391 2534 1417 2572 8
1450 2527 1535 2573 οὖν
1567 2531 1678 2573 ante
1709 2530 1796 2573 οὐκ

99 2594 146 2635 A
267 2595 292 2633 9
326 2589 549 2646 ὃμοῢνται
577 2591 674 2635 ΟΖΒ
797 2595 852 2634 10
877 2589 1108 2649 χαρίσαιτ’
1140 2591 1240 2635 AOl
1362 2593 1415 2632 12
1448 2589 1529 2631 καὶ
1552 2590 1662 2632 ante
1684 2590 1796 2632 πολ-

101 2649 232 2700 λάκις
255 2651 301 2694 A
446 2654 500 2692 13
533 2649 875 2705 πεποιημένους
900 2652 989 2694 Μα
1021 2651 1102 2693 sed
1135 2667 1162 2706 η
1196 2650 1246 2691 in
1276 2661 1351 2691 rae
1383 2647 1454 2690 m²
1485 2649 1532 2691 et
1561 2663 1620 2692 πε
1652 2648 1796 2704 antep

222 2713 275 2752 15
308 2705 486 2764 γίνεται
512 2709 647 2752 ΜαΒ
792 2714 845 2753 18
878 2711 1061 2765 τάληθῆ
1087 2710 1133 2753 Α
1278 2711 1332 2750 19
1372 2707 1584 2750 ἐνταῦθα
1607 2708 1653 2752 A

101 2771 158 2811 20
198 2766 223 2811 6
264 2781 338 2811 om
374 2768 564 2812 MaGlB
707 2773 759 2811 21
803 2769 932 2812 ἄκων
974 2767 1140 2824 scripsi
1180 2768 1368 2810 auctore
1407 2765 1720 2810 Markowskio

102 2826 290 2871 ἀκούων
320 2826 430 2869 libri
460 2827 530 2871 Re
650 2831 706 2869 23
736 2833 819 2883 τῆς
850 2827 1012 2871 Iacobo
1044 2828 1149 2883 App
1182 2826 1293 2869 Pors
1323 2828 1406 2867 331
1441 2825 1554 2869 Lech
1579 2824 1797 2926 ὲάπάτης

101 2884 269 2942 scripsi
300 2899 356 2929 ex
380 2886 425 2930 A
456 2899 562 2930 cum
591 2885 801 2930 Iacobsio
834 2886 941 2929 Add
969 2890 1023 2929 10
1048 2885 1155 2941 App
1181 2886 1291 2928 Pors
1319 2884 1430 2928 Leot
1453 2883 1577 2927 Schu
1620 2885 1668 2927 οἱ,
1691 2883 1793 2927 Sin-

100 2944 202 2986 teni
263 2943 446 3001 ἁπάσης
474 2944 644 2999 reliqui
675 2945 783 2988 libri
815 2945 883 2988 Re
