<?xml version="1.0" encoding="UTF-8"?>
<!DOCTYPE html PUBLIC "-//W3C//DTD XHTML 1.0 Transitional//EN"
    "http://www.w3.org/TR/xhtml1/DTD/xhtml1-transitional.dtd">
<html xmlns="http://www.w3.org/1999/xhtml" xml:lang="en" lang="en">
 <head>
  <title>
</title>
<meta http-equiv="Content-Type" content="text/html;charset=utf-8" />
  <meta name='ocr-system' content='tesseract 3.04.00' />
  <meta name='ocr-capabilities' content='ocr_page ocr_carea ocr_par ocr_line ocrx_word'/>
</head>
<body>
  <div class='ocr_page' id='page_1' title='image "./operarecensuitri07libauoft_0269.png"; bbox 0 0 2044 3168; ppageno 0'>
   <div class='ocr_carea' id='block_1_1' title="bbox 421 119 1808 174">
    <p class='ocr_par' dir='ltr' id='par_1_1' title="bbox 421 119 1808 174">
     <span class='ocr_line' id='line_1_1' title="bbox 421 119 1808 174; baseline 0.006 -8"><span class='ocrx_word' id='word_1_1' title='bbox 421 121 668 166; x_wconf 86' lang='lat' dir='ltr'>IUVENIS</span> <span class='ocrx_word' id='word_1_2' title='bbox 699 120 914 166; x_wconf 82' lang='lat' dir='ltr'>FORTIS</span> <span class='ocrx_word' id='word_1_3' title='bbox 945 120 1166 166; x_wconf 85' lang='lat' dir='ltr'>DIVITIS</span> <span class='ocrx_word' id='word_1_4' title='bbox 1198 119 1503 166; x_wconf 87' lang='lat' dir='ltr'>APOLOGIA</span> <span class='ocrx_word' id='word_1_5' title='bbox 1699 121 1808 174; x_wconf 81' lang='grc'><em>251</em></span> 
     </span>
    </p>
   </div>
   <div class='ocr_carea' id='block_1_2' title="bbox 35 241 1808 2020">
    <p class='ocr_par' dir='ltr' id='par_1_2' title="bbox 113 241 1807 417">
     <span class='ocr_line' id='line_1_2' title="bbox 113 241 1807 327; baseline -0.002 -15"><span class='ocrx_word' id='word_1_6' title='bbox 113 259 333 327; x_wconf 81' lang='grc' dir='ltr'><em>γνώμης</em></span> <span class='ocrx_word' id='word_1_7' title='bbox 392 258 726 311; x_wconf 82' lang='grc' dir='ltr'><em>δυσωπεῖται</em></span> <span class='ocrx_word' id='word_1_8' title='bbox 781 258 883 326; x_wconf 83' lang='grc' dir='ltr'><em>τὴν</em></span> <span class='ocrx_word' id='word_1_9' title='bbox 935 258 1099 327; x_wconf 94' lang='grc' dir='ltr'><em>χάριν</em></span> <span class='ocrx_word' id='word_1_10' title='bbox 1153 255 1243 309; x_wconf 87' lang='grc' dir='ltr'><em>καὶ</em></span> <span class='ocrx_word' id='word_1_11' title='bbox 1297 241 1622 326; x_wconf 85' lang='grc' dir='ltr'><em>μεταβάλλει</em></span> <span class='ocrx_word' id='word_1_12' title='bbox 1676 260 1807 320; x_wconf 88' lang='grc' dir='ltr'><em>τοὺς</em></span> 
     </span>
     <span class='ocr_line' id='line_1_3' title="bbox 113 345 1607 417; baseline -0.001 -17"><span class='ocrx_word' id='word_1_13' title='bbox 113 348 353 414; x_wconf 78' lang='grc' dir='ltr'><strong><em>τρόπους</em></strong></span> <span class='ocrx_word' id='word_1_14' title='bbox 390 345 481 399; x_wconf 84' lang='grc' dir='ltr'><em>καὶ</em></span> <span class='ocrx_word' id='word_1_15' title='bbox 520 357 810 414; x_wconf 83' lang='grc' dir='ltr'><em>μετανοεῖν</em></span> <span class='ocrx_word' id='word_1_16' title='bbox 848 346 951 399; x_wconf 86' lang='grc' dir='ltr'><em>οὐκ</em></span> <span class='ocrx_word' id='word_1_17' title='bbox 990 345 1053 417; x_wconf 78' lang='grc' dir='ltr'><em>ἐᾷ</em></span> <span class='ocrx_word' id='word_1_18' title='bbox 1091 348 1222 409; x_wconf 86' lang='grc' dir='ltr'><em>τοὺς</em></span> <span class='ocrx_word' id='word_1_19' title='bbox 1260 348 1607 415; x_wconf 83' lang='grc' dir='ltr'><em>τιμήσαντας.</em></span> 
     </span>
    </p>

    <p class='ocr_par' dir='ltr' id='par_1_3' title="bbox 35 434 1808 1841">
     <span class='ocr_line' id='line_1_4' title="bbox 222 434 1808 504; baseline 0 -16"><span class='ocrx_word' id='word_1_20' title='bbox 222 435 309 488; x_wconf 87' lang='grc'><em>20.</em></span> <span class='ocrx_word' id='word_1_21' title='bbox 349 437 634 504; x_wconf 91' lang='grc' dir='ltr'><em>Λαβόντος</em></span> <span class='ocrx_word' id='word_1_22' title='bbox 672 434 738 488; x_wconf 87' lang='grc' dir='ltr'><em>δέ</em></span> <span class='ocrx_word' id='word_1_23' title='bbox 772 455 880 504; x_wconf 91' lang='grc' dir='ltr'><em>μου</em></span> <span class='ocrx_word' id='word_1_24' title='bbox 919 435 1009 488; x_wconf 83' lang='grc' dir='ltr'><em>καὶ</em></span> <span class='ocrx_word' id='word_1_25' title='bbox 1048 435 1255 502; x_wconf 89' lang='grc' dir='ltr'><em>ταύτην</em></span> <span class='ocrx_word' id='word_1_26' title='bbox 1300 435 1448 502; x_wconf 84' lang='grc' dir='ltr'><em>παρὰ</em></span> <span class='ocrx_word' id='word_1_27' title='bbox 1487 442 1587 487; x_wconf 88' lang='grc' dir='ltr'><em>τοῦ</em></span> <span class='ocrx_word' id='word_1_28' title='bbox 1627 436 1808 504; x_wconf 86' lang='grc' dir='ltr'><em>δήμου</em></span> 
     </span>
     <span class='ocr_line' id='line_1_5' title="bbox 111 521 1806 594; baseline -0.001 -17"><span class='ocrx_word' id='word_1_29' title='bbox 111 526 212 594; x_wconf 87' lang='grc' dir='ltr'><em>τὴν</em></span> <span class='ocrx_word' id='word_1_30' title='bbox 249 526 413 594; x_wconf 91' lang='grc' dir='ltr'><em>χάριν</em></span> <span class='ocrx_word' id='word_1_31' title='bbox 451 524 542 578; x_wconf 84' lang='grc' dir='ltr'><em>καὶ</em></span> <span class='ocrx_word' id='word_1_32' title='bbox 580 528 804 578; x_wconf 82' lang='grc' dir='ltr'><em>πολλῶν</em></span> <span class='ocrx_word' id='word_1_33' title='bbox 842 524 1011 577; x_wconf 90' lang='grc' dir='ltr'><em>πάλιν</em></span> <span class='ocrx_word' id='word_1_34' title='bbox 1057 523 1554 576; x_wconf 85' lang='grc' dir='ltr'><em>ἆναπεπνευκότων</em></span> <span class='ocrx_word' id='word_1_35' title='bbox 1594 522 1666 576; x_wconf 85' lang='grc' dir='ltr'><em>δι’</em></span> <span class='ocrx_word' id='word_1_36' title='bbox 1714 521 1806 592; x_wconf 75' lang='grc' dir='ltr'><em>ἐμὲ</em></span> 
     </span>
     <span class='ocr_line' id='line_1_6' title="bbox 109 610 1805 681; baseline -0.001 -14"><span class='ocrx_word' id='word_1_37' title='bbox 109 617 354 667; x_wconf 86' lang='grc' dir='ltr'><em>πολιτῶν</em></span> <span class='ocrx_word' id='word_1_38' title='bbox 416 615 469 667; x_wconf 80' lang='grc' dir='ltr'><em>οἱ</em></span> <span class='ocrx_word' id='word_1_39' title='bbox 522 613 625 681; x_wconf 79' lang='grc' dir='ltr'><em>μὲν</em></span> <span class='ocrx_word' id='word_1_40' title='bbox 677 614 837 666; x_wconf 75' lang='grc' dir='ltr'><em>ἄλλοι</em></span> <span class='ocrx_word' id='word_1_41' title='bbox 890 613 1090 675; x_wconf 87' lang='grc' dir='ltr'><em>πάντες</em></span> <span class='ocrx_word' id='word_1_42' title='bbox 1143 613 1246 680; x_wconf 89' lang='grc' dir='ltr'><em>τὴν</em></span> <span class='ocrx_word' id='word_1_43' title='bbox 1300 611 1436 681; x_wconf 80' lang='grc' dir='ltr'><em>ἐμὴν</em></span> <span class='ocrx_word' id='word_1_44' title='bbox 1491 610 1805 679; x_wconf 80' lang='grc' dir='ltr'><em>ἐθαύμαζον</em></span> 
     </span>
     <span class='ocr_line' id='line_1_7' title="bbox 109 701 1807 772; baseline -0.001 -16"><span class='ocrx_word' id='word_1_45' title='bbox 109 705 525 772; x_wconf 82' lang='grc' dir='ltr'><em>μεγαλοψυχίαν</em></span> <span class='ocrx_word' id='word_1_46' title='bbox 580 701 672 755; x_wconf 81' lang='grc' dir='ltr'><em>καὶ</em></span> <span class='ocrx_word' id='word_1_47' title='bbox 734 709 993 755; x_wconf 86' lang='grc' dir='ltr'><em>τοιοῦτον</em></span> <span class='ocrx_word' id='word_1_48' title='bbox 1054 704 1298 772; x_wconf 82' lang='grc' dir='ltr'><em>ἔφασκον</em></span> <span class='ocrx_word' id='word_1_49' title='bbox 1359 703 1513 755; x_wconf 82' lang='grc' dir='ltr'><em>οὔπω</em></span> <span class='ocrx_word' id='word_1_50' title='bbox 1575 704 1807 771; x_wconf 89' lang='grc' dir='ltr'><em>πολίτην</em></span> 
     </span>
     <span class='ocr_line' id='line_1_8' title="bbox 110 787 1806 861; baseline -0.002 -16"><span class='ocrx_word' id='word_1_51' title='bbox 110 793 268 860; x_wconf 77' lang='grc' dir='ltr'><em>ἰδεῖν,</em></span> <span class='ocrx_word' id='word_1_52' title='bbox 302 793 470 861; x_wconf 89' lang='grc' dir='ltr'><em>μόνος</em></span> <span class='ocrx_word' id='word_1_53' title='bbox 503 791 564 844; x_wconf 80' lang='grc' dir='ltr'><em>δὲ</em></span> <span class='ocrx_word' id='word_1_54' title='bbox 595 791 624 845; x_wconf 90' lang='grc' dir='ltr'>ὁ</span> <span class='ocrx_word' id='word_1_55' title='bbox 658 792 932 859; x_wconf 83' lang='grc' dir='ltr'><em>βάσκανος</em></span> <span class='ocrx_word' id='word_1_56' title='bbox 963 787 1126 854; x_wconf 84' lang='grc' dir='ltr'><em>οὗτος</em></span> <span class='ocrx_word' id='word_1_57' title='bbox 1156 789 1507 860; x_wconf 80' lang='grc' dir='ltr'><em>περιστρέφει</em></span> <span class='ocrx_word' id='word_1_58' title='bbox 1537 792 1600 843; x_wconf 77' lang='grc' dir='ltr'><em>τὰ</em></span> <span class='ocrx_word' id='word_1_59' title='bbox 1634 792 1806 859; x_wconf 90' lang='grc' dir='ltr'><em>πράγ-</em></span> 
     </span>
     <span class='ocr_line' id='line_1_9' title="bbox 109 877 1806 951; baseline 0 -17"><span class='ocrx_word' id='word_1_60' title='bbox 109 900 252 947; x_wconf 91' lang='grc' dir='ltr'><em>ματα</em></span> <span class='ocrx_word' id='word_1_61' title='bbox 289 879 380 934; x_wconf 88' lang='grc' dir='ltr'><em>καὶ</em></span> <span class='ocrx_word' id='word_1_62' title='bbox 419 881 752 951; x_wconf 80' lang='grc' dir='ltr'><em>τυραννίδος</em></span> <span class='ocrx_word' id='word_1_63' title='bbox 791 880 1041 945; x_wconf 82' lang='grc' dir='ltr'><em>ὑποψίαν</em></span> <span class='ocrx_word' id='word_1_64' title='bbox 1078 879 1335 949; x_wconf 82' lang='grc' dir='ltr'><em>ἐμβάλλει</em></span> <span class='ocrx_word' id='word_1_65' title='bbox 1375 881 1475 949; x_wconf 86' lang='grc' dir='ltr'><em>τὴν</em></span> <span class='ocrx_word' id='word_1_66' title='bbox 1515 877 1654 948; x_wconf 71' lang='grc' dir='ltr'><em>ὑπὲρ</em></span> <span class='ocrx_word' id='word_1_67' title='bbox 1694 888 1806 934; x_wconf 81' lang='grc' dir='ltr'><em>τῶν</em></span> 
     </span>
     <span class='ocr_line' id='line_1_10' title="bbox 35 970 1805 1040; baseline -0.001 -17"><span class='ocrx_word' id='word_1_68' title='bbox 35 979 38 981; x_wconf 83' lang='grc'><strong>’</strong></span> <span class='ocrx_word' id='word_1_69' title='bbox 108 970 463 1040; x_wconf 82' lang='grc' dir='ltr'><em>ἀτυχούντων</em></span> <span class='ocrx_word' id='word_1_70' title='bbox 503 970 756 1038; x_wconf 81' lang='grc' dir='ltr'><em>σπουδὴν</em></span> <span class='ocrx_word' id='word_1_71' title='bbox 794 972 1020 1039; x_wconf 81' lang='grc' dir='ltr'><em>ἔλεγχον</em></span> <span class='ocrx_word' id='word_1_72' title='bbox 1051 977 1148 1038; x_wconf 80' lang='grc' dir='ltr'><em>τῆς</em></span> <span class='ocrx_word' id='word_1_73' title='bbox 1184 971 1321 1022; x_wconf 81' lang='grc' dir='ltr'><em>κατὰ</em></span> <span class='ocrx_word' id='word_1_74' title='bbox 1356 979 1469 1022; x_wconf 84' lang='grc' dir='ltr'><em>τῶν</em></span> <span class='ocrx_word' id='word_1_75' title='bbox 1509 970 1805 1039; x_wconf 88' lang='grc' dir='ltr'><em>εὐτυχούν-</em></span> 
     </span>
     <span class='ocr_line' id='line_1_11' title="bbox 107 1055 1805 1129; baseline -0.001 -17"><span class='ocrx_word' id='word_1_76' title='bbox 107 1079 220 1113; x_wconf 91' lang='grc' dir='ltr'><em>των</em></span> <span class='ocrx_word' id='word_1_77' title='bbox 260 1059 555 1129; x_wconf 83' lang='grc' dir='ltr'><em>ἐπιβουλῆς</em></span> <span class='ocrx_word' id='word_1_78' title='bbox 586 1064 870 1113; x_wconf 79' lang='grc' dir='ltr'><em>ποιεῖσθαι</em></span> <span class='ocrx_word' id='word_1_79' title='bbox 902 1061 1152 1128; x_wconf 79' lang='grc' dir='ltr'><em>νομίζων.</em></span> <span class='ocrx_word' id='word_1_80' title='bbox 1194 1059 1281 1111; x_wconf 78' lang='grc'>21.</span> <span class='ocrx_word' id='word_1_81' title='bbox 1315 1061 1535 1127; x_wconf 77' lang='grc' dir='ltr'><em>φθόνος</em></span> <span class='ocrx_word' id='word_1_82' title='bbox 1565 1055 1669 1127; x_wconf 75' lang='grc' dir='ltr'><em>μὲν</em></span> <span class='ocrx_word' id='word_1_83' title='bbox 1701 1055 1805 1112; x_wconf 87' lang='grc' dir='ltr'><em>οὖν</em></span> 
     </span>
     <span class='ocr_line' id='line_1_12' title="bbox 106 1147 1805 1218; baseline -0.001 -17"><span class='ocrx_word' id='word_1_84' title='bbox 106 1148 279 1201; x_wconf 90' lang='grc' dir='ltr'><em>αὐτὸν</em></span> <span class='ocrx_word' id='word_1_85' title='bbox 331 1156 501 1201; x_wconf 87' lang='grc' dir='ltr'><em>ταῦτα</em></span> <span class='ocrx_word' id='word_1_86' title='bbox 555 1147 740 1217; x_wconf 87' lang='grc' dir='ltr'><em>λέγειν</em></span> <span class='ocrx_word' id='word_1_87' title='bbox 793 1150 1012 1218; x_wconf 76' lang='grc' dir='ltr'><em>πικρός,</em></span> <span class='ocrx_word' id='word_1_88' title='bbox 1067 1148 1169 1201; x_wconf 87' lang='grc' dir='ltr'><em>οὐκ</em></span> <span class='ocrx_word' id='word_1_89' title='bbox 1223 1147 1409 1217; x_wconf 81' lang='grc' dir='ltr'><em>ἀγαθὴ</em></span> <span class='ocrx_word' id='word_1_90' title='bbox 1456 1155 1550 1216; x_wconf 83' lang='grc' dir='ltr'><em>τῆς</em></span> <span class='ocrx_word' id='word_1_91' title='bbox 1597 1149 1805 1211; x_wconf 91' lang='grc' dir='ltr'><em>πόλεως</em></span> 
     </span>
     <span class='ocr_line' id='line_1_13' title="bbox 96 1235 1804 1307; baseline -0.001 -17"><span class='ocrx_word' id='word_1_92' title='bbox 96 1238 356 1306; x_wconf 84' lang='grc' dir='ltr'><em>κεκίνηκε</em></span> <span class='ocrx_word' id='word_1_93' title='bbox 394 1239 645 1307; x_wconf 85' lang='grc' dir='ltr'><em>πρόνοια.</em></span> <span class='ocrx_word' id='word_1_94' title='bbox 700 1238 756 1289; x_wconf 88' lang='grc' dir='ltr'><em>τί</em></span> <span class='ocrx_word' id='word_1_95' title='bbox 800 1238 904 1306; x_wconf 89' lang='grc' dir='ltr'><em>γάρ</em></span> <span class='ocrx_word' id='word_1_96' title='bbox 953 1256 1019 1306; x_wconf 91' lang='grc' dir='ltr'><em>με</em></span> <span class='ocrx_word' id='word_1_97' title='bbox 1064 1238 1136 1306; x_wconf 86' lang='grc' dir='ltr'><em>μὴ</em></span> <span class='ocrx_word' id='word_1_98' title='bbox 1180 1237 1388 1305; x_wconf 87' lang='grc' dir='ltr'><em>ταύτην</em></span> <span class='ocrx_word' id='word_1_99' title='bbox 1427 1235 1514 1290; x_wconf 80' lang='grc' dir='ltr'><em>ἐπὶ</em></span> <span class='ocrx_word' id='word_1_100' title='bbox 1547 1246 1657 1290; x_wconf 83' lang='grc' dir='ltr'><em>τῶν</em></span> <span class='ocrx_word' id='word_1_101' title='bbox 1698 1257 1804 1305; x_wconf 93' lang='grc' dir='ltr'><em>φυ-</em></span> 
     </span>
     <span class='ocr_line' id='line_1_14' title="bbox 107 1323 1804 1395; baseline 0.001 -17"><span class='ocrx_word' id='word_1_102' title='bbox 107 1326 294 1393; x_wconf 91' lang='grc' dir='ltr'><em>γάδων</em></span> <span class='ocrx_word' id='word_1_103' title='bbox 339 1327 440 1395; x_wconf 90' lang='grc' dir='ltr'><em>τὴν</em></span> <span class='ocrx_word' id='word_1_104' title='bbox 486 1328 824 1395; x_wconf 79' lang='grc' dir='ltr'><em>κατηγορίαν</em></span> <span class='ocrx_word' id='word_1_105' title='bbox 871 1325 1168 1394; x_wconf 83' lang='grc' dir='ltr'><em>ε’γράψατο;</em></span> <span class='ocrx_word' id='word_1_106' title='bbox 1222 1329 1280 1378; x_wconf 92' lang='grc' dir='ltr'><em>τί</em></span> <span class='ocrx_word' id='word_1_107' title='bbox 1322 1323 1383 1379; x_wconf 76' lang='grc' dir='ltr'><em>δὲ</em></span> <span class='ocrx_word' id='word_1_108' title='bbox 1429 1326 1501 1394; x_wconf 87' lang='grc' dir='ltr'><em>μὴ</em></span> <span class='ocrx_word' id='word_1_109' title='bbox 1552 1325 1638 1379; x_wconf 82' lang='grc' dir='ltr'><em>ἐπὶ</em></span> <span class='ocrx_word' id='word_1_110' title='bbox 1692 1335 1804 1379; x_wconf 82' lang='grc' dir='ltr'><em>τῶν</em></span> 
     </span>
     <span class='ocr_line' id='line_1_15' title="bbox 104 1412 1803 1485; baseline 0.001 -18"><span class='ocrx_word' id='word_1_111' title='bbox 104 1413 310 1482; x_wconf 79' lang='grc' dir='ltr'><em>ἀτίμων</em></span> <span class='ocrx_word' id='word_1_112' title='bbox 365 1418 659 1483; x_wconf 84' lang='grc' dir='ltr'><em>φιλόπολις</em></span> <span class='ocrx_word' id='word_1_113' title='bbox 713 1414 890 1485; x_wconf 82' lang='grc' dir='ltr'><em>ἐφάνη</em></span> <span class='ocrx_word' id='word_1_114' title='bbox 945 1418 1271 1484; x_wconf 79' lang='grc' dir='ltr'><em>κατήγορος;</em></span> <span class='ocrx_word' id='word_1_115' title='bbox 1326 1414 1466 1467; x_wconf 81' lang='grc' dir='ltr'><em>ἀλλὰ</em></span> <span class='ocrx_word' id='word_1_116' title='bbox 1518 1417 1647 1478; x_wconf 89' lang='grc' dir='ltr'><em>τοὺς</em></span> <span class='ocrx_word' id='word_1_117' title='bbox 1700 1412 1803 1484; x_wconf 78' lang='grc' dir='ltr'><em>μὲν</em></span> 
     </span>
     <span class='ocr_line' id='line_1_16' title="bbox 106 1502 1799 1574; baseline 0.001 -18"><span class='ocrx_word' id='word_1_118' title='bbox 106 1502 538 1572; x_wconf 71' lang='grc' dir='ltr'><em>ἐπανελθόντας,</em></span> <span class='ocrx_word' id='word_1_119' title='bbox 598 1506 729 1566; x_wconf 87' lang='grc' dir='ltr'><em>τοὺς</em></span> <span class='ocrx_word' id='word_1_120' title='bbox 783 1503 845 1556; x_wconf 80' lang='grc' dir='ltr'><em>δὲ</em></span> <span class='ocrx_word' id='word_1_121' title='bbox 897 1503 1239 1571; x_wconf 84' lang='grc' dir='ltr'><em>τιμωμένους</em></span> <span class='ocrx_word' id='word_1_122' title='bbox 1301 1503 1448 1572; x_wconf 84' lang='grc' dir='ltr'><em>ὁρῶν</em></span> <span class='ocrx_word' id='word_1_123' title='bbox 1511 1503 1799 1574; x_wconf 83' lang='grc' dir='ltr'><em>ἐκαρτέρει.</em></span> 
     </span>
     <span class='ocr_line' id='line_1_17' title="bbox 103 1579 1802 1667; baseline 0.001 -22"><span class='ocrx_word' id='word_1_124' title='bbox 103 1591 313 1646; x_wconf 88' lang='grc' dir='ltr'><em>οὐκοῦν</em></span> <span class='ocrx_word' id='word_1_125' title='bbox 350 1593 452 1661; x_wconf 88' lang='grc' dir='ltr'><em>τὴν</em></span> <span class='ocrx_word' id='word_1_126' title='bbox 490 1601 598 1646; x_wconf 92' lang='grc' dir='ltr'><em>νῦν</em></span> <span class='ocrx_word' id='word_1_127' title='bbox 637 1594 945 1660; x_wconf 89' lang='grc' dir='ltr'><em>βασκανίαν</em></span> <span class='ocrx_word' id='word_1_128' title='bbox 975 1593 1008 1661; x_wconf 82' lang='grc' dir='ltr'>ἡ</span> <span class='ocrx_word' id='word_1_129' title='bbox 1040 1594 1160 1646; x_wconf 91' lang='grc' dir='ltr'><em>τότε</em></span> <span class='ocrx_word' id='word_1_130' title='bbox 1194 1579 1379 1660; x_wconf 81' lang='grc' dir='ltr'><em>σιωπὴ</em></span> <span class='ocrx_word' id='word_1_131' title='bbox 1412 1590 1679 1667; x_wconf 76' lang='grc' dir='ltr'><em>διελέγχει</em></span> <span class='ocrx_word' id='word_1_132' title='bbox 1711 1593 1802 1646; x_wconf 82' lang='grc' dir='ltr'><em>καὶ</em></span> 
     </span>
     <span class='ocr_line' id='line_1_18' title="bbox 103 1680 1802 1751; baseline -0.001 -16"><span class='ocrx_word' id='word_1_133' title='bbox 103 1684 295 1748; x_wconf 90' lang='grc' dir='ltr'><em>μόνοις</em></span> <span class='ocrx_word' id='word_1_134' title='bbox 325 1683 604 1751; x_wconf 79' lang='grc' dir='ltr'><em>ἄχθεσθαι</em></span> <span class='ocrx_word' id='word_1_135' title='bbox 635 1690 753 1745; x_wconf 88' lang='grc' dir='ltr'><em>τοῖς</em></span> <span class='ocrx_word' id='word_1_136' title='bbox 784 1682 1089 1748; x_wconf 84' lang='grc' dir='ltr'><em>δεσμώταις</em></span> <span class='ocrx_word' id='word_1_137' title='bbox 1120 1682 1272 1734; x_wconf 87' lang='grc' dir='ltr'><em>δοκεῖ</em></span> <span class='ocrx_word' id='word_1_138' title='bbox 1304 1680 1487 1749; x_wconf 81' lang='grc' dir='ltr'><em>ἀθρόα</em></span> <span class='ocrx_word' id='word_1_139' title='bbox 1518 1688 1626 1734; x_wconf 88' lang='grc' dir='ltr'><em>νῦν</em></span> <span class='ocrx_word' id='word_1_140' title='bbox 1650 1682 1802 1750; x_wconf 79' lang='grc' dir='ltr'><em>ἄγων</em></span> 
     </span>
     <span class='ocr_line' id='line_1_19' title="bbox 103 1769 1800 1841; baseline 0 -17"><span class='ocrx_word' id='word_1_141' title='bbox 103 1772 183 1834; x_wconf 84' lang='grc' dir='ltr'><em>εἰς</em></span> <span class='ocrx_word' id='word_1_142' title='bbox 228 1771 399 1839; x_wconf 90' lang='grc' dir='ltr'><em>μέσον</em></span> <span class='ocrx_word' id='word_1_143' title='bbox 439 1771 472 1824; x_wconf 79' lang='grc' dir='ltr'><strong><em>ἃ</em></strong></span> <span class='ocrx_word' id='word_1_144' title='bbox 511 1769 647 1824; x_wconf 82' lang='grc' dir='ltr'><em>κατὰ</em></span> <span class='ocrx_word' id='word_1_145' title='bbox 695 1773 1000 1840; x_wconf 90' lang='grc' dir='ltr'><em>διαφόρους</em></span> <span class='ocrx_word' id='word_1_146' title='bbox 1047 1790 1141 1839; x_wconf 91' lang='grc' dir='ltr'><em>μοι</em></span> <span class='ocrx_word' id='word_1_147' title='bbox 1186 1769 1490 1841; x_wconf 87' lang='grc' dir='ltr'><em>πέπρακται</em></span> <span class='ocrx_word' id='word_1_148' title='bbox 1539 1771 1800 1839; x_wconf 85' lang='grc' dir='ltr'><em>χρόνους;</em></span> 
     </span>
    </p>

    <p class='ocr_par' dir='ltr' id='par_1_4' title="bbox 101 1859 1800 2020">
     <span class='ocr_line' id='line_1_20' title="bbox 215 1859 1800 1930; baseline -0.001 -18"><span class='ocrx_word' id='word_1_149' title='bbox 215 1859 301 1912; x_wconf 81' lang='grc'><em>22.</em></span> <span class='ocrx_word' id='word_1_150' title='bbox 340 1861 517 1913; x_wconf 81' lang='grc' dir='ltr'><em>Ἀλλὰ</em></span> <span class='ocrx_word' id='word_1_151' title='bbox 564 1862 717 1922; x_wconf 90' lang='grc' dir='ltr'><em>τοὺς</em></span> <span class='ocrx_word' id='word_1_152' title='bbox 769 1860 1290 1930; x_wconf 80' lang='grc' dir='ltr'><em>πονηροτάτους,</em></span> <span class='ocrx_word' id='word_1_153' title='bbox 1347 1862 1511 1929; x_wconf 81' lang='grc' dir='ltr'><em>φησί,</em></span> <span class='ocrx_word' id='word_1_154' title='bbox 1550 1866 1662 1928; x_wconf 77' lang='grc' dir='ltr'><em>τῆς</em></span> <span class='ocrx_word' id='word_1_155' title='bbox 1706 1878 1800 1912; x_wconf 90' lang='grc' dir='ltr'><em>τι-</em></span> 
     </span>
     <span class='ocr_line' id='line_1_21' title="bbox 101 1947 1800 2020; baseline 0.001 -20"><span class='ocrx_word' id='word_1_156' title='bbox 101 1949 351 2015; x_wconf 88' lang='grc' dir='ltr'><em>μωρίας</em></span> <span class='ocrx_word' id='word_1_157' title='bbox 399 1947 773 2017; x_wconf 81' lang='grc' dir='ltr'><em>έλευθερῶν</em></span> <span class='ocrx_word' id='word_1_158' title='bbox 819 1957 929 2017; x_wconf 83' lang='grc' dir='ltr'><em>τῆς</em></span> <span class='ocrx_word' id='word_1_159' title='bbox 974 1951 1287 2020; x_wconf 79' lang='grc' dir='ltr'><em>τιμωρίας</em></span> <span class='ocrx_word' id='word_1_160' title='bbox 1334 1951 1631 2017; x_wconf 83' lang='grc' dir='ltr'><em>βεβαιοῖς</em></span> <span class='ocrx_word' id='word_1_161' title='bbox 1683 1950 1800 2017; x_wconf 86' lang='grc' dir='ltr'><em>τὴν</em></span> 
     </span>
    </p>
   </div>
   <div class='ocr_carea' id='block_1_3' title="bbox 104 2045 458 2054">
    <p class='ocr_par' dir='ltr' id='par_1_5' title="bbox 104 2045 458 2054">
     <span class='ocr_line' id='line_1_22' title="bbox 104 2045 458 2054; baseline 0 0"><span class='ocrx_word' id='word_1_162' title='bbox 104 2045 458 2054; x_wconf 95' lang='lat' dir='ltr'><em> </em></span> 
     </span>
    </p>
   </div>
   <div class='ocr_carea' id='block_1_4' title="bbox 223 2093 1067 2151">
    <p class='ocr_par' dir='ltr' id='par_1_6' title="bbox 223 2093 1067 2151">
     <span class='ocr_line' id='line_1_23' title="bbox 223 2093 1067 2151; baseline 0.001 -14"><span class='ocrx_word' id='word_1_163' title='bbox 223 2098 247 2137; x_wconf 86' lang='lat'><strong>7</strong></span> <span class='ocrx_word' id='word_1_164' title='bbox 280 2093 409 2138; x_wconf 84' lang='lat' dir='ltr'><strong>Dem.</strong></span> <span class='ocrx_word' id='word_1_165' title='bbox 444 2108 535 2139; x_wconf 86' lang='lat' dir='ltr'>cor.</span> <span class='ocrx_word' id='word_1_166' title='bbox 568 2099 592 2148; x_wconf 67' lang='grc' dir='ltr'>ξ</span> <span class='ocrx_word' id='word_1_167' title='bbox 621 2099 703 2138; x_wconf 80' lang='lat'><em>132</em></span> <span class='ocrx_word' id='word_1_168' title='bbox 737 2110 781 2151; x_wconf 90' lang='lat' dir='ltr'><em>p.</em></span> <span class='ocrx_word' id='word_1_169' title='bbox 808 2099 908 2149; x_wconf 81' lang='lat'>271,</span> <span class='ocrx_word' id='word_1_170' title='bbox 929 2100 984 2138; x_wconf 92' lang='grc'><em>10</em></span> <span class='ocrx_word' id='word_1_171' title='bbox 1001 2109 1067 2151; x_wconf 81' lang='lat' dir='ltr'><em>sq.</em></span> 
     </span>
    </p>
   </div>
   <div class='ocr_carea' id='block_1_5' title="bbox 126 2171 458 2179">
    <p class='ocr_par' dir='ltr' id='par_1_7' title="bbox 126 2171 458 2179">
     <span class='ocr_line' id='line_1_24' title="bbox 126 2171 458 2179; baseline 0 0"><span class='ocrx_word' id='word_1_172' title='bbox 126 2171 458 2179; x_wconf 95' lang='lat' dir='ltr'><em> </em></span> 
     </span>
    </p>
   </div>
   <div class='ocr_carea' id='block_1_6' title="bbox 222 2212 1292 2271">
    <p class='ocr_par' dir='ltr' id='par_1_8' title="bbox 222 2212 1292 2271">
     <span class='ocr_line' id='line_1_25' title="bbox 222 2212 1292 2271; baseline 0.002 -15"><span class='ocrx_word' id='word_1_173' title='bbox 222 2218 276 2257; x_wconf 83' lang='lat'><em>12</em></span> <span class='ocrx_word' id='word_1_174' title='bbox 307 2213 674 2270; x_wconf 83' lang='grc' dir='ltr'><em>παραγραφικὸν</em></span> <span class='ocrx_word' id='word_1_175' title='bbox 706 2213 798 2257; x_wconf 85' lang='grc' dir='ltr'><em>ἀπὸ</em></span> <span class='ocrx_word' id='word_1_176' title='bbox 831 2221 913 2258; x_wconf 84' lang='grc' dir='ltr'><em>τοῦ</em></span> <span class='ocrx_word' id='word_1_177' title='bbox 945 2212 1117 2271; x_wconf 83' lang='grc' dir='ltr'><em>χρόνον</em></span> <span class='ocrx_word' id='word_1_178' title='bbox 1145 2215 1292 2258; x_wconf 76' lang='lat' dir='ltr'><strong><em>Mrubr</em></strong></span> 
     </span>
    </p>
   </div>
   <div class='ocr_carea' id='block_1_7' title="bbox 105 2297 460 2306">
    <p class='ocr_par' dir='ltr' id='par_1_9' title="bbox 105 2297 460 2306">
     <span class='ocr_line' id='line_1_26' title="bbox 105 2297 460 2306; baseline 0 0"><span class='ocrx_word' id='word_1_179' title='bbox 105 2297 460 2306; x_wconf 95' lang='lat' dir='ltr'><em> </em></span> 
     </span>
    </p>
   </div>
   <div class='ocr_carea' id='block_1_8' title="bbox 94 2346 1797 2995">
    <p class='ocr_par' dir='ltr' id='par_1_10' title="bbox 99 2346 1797 2937">
     <span class='ocr_line' id='line_1_27' title="bbox 222 2346 1796 2405; baseline 0.001 -16"><span class='ocrx_word' id='word_1_180' title='bbox 222 2351 244 2389; x_wconf 91' lang='lat'>1</span> <span class='ocrx_word' id='word_1_181' title='bbox 279 2347 481 2392; x_wconf 84' lang='grc' dir='ltr'><em>αἰδεῖται</em></span> <span class='ocrx_word' id='word_1_182' title='bbox 511 2347 562 2390; x_wconf 90' lang='lat' dir='ltr'><em>in</em></span> <span class='ocrx_word' id='word_1_183' title='bbox 594 2359 728 2404; x_wconf 84' lang='lat' dir='ltr'>marg</span> <span class='ocrx_word' id='word_1_184' title='bbox 759 2346 1010 2404; x_wconf 82' lang='lat' dir='ltr'><strong>(Wolfenb.</strong></span> <span class='ocrx_word' id='word_1_185' title='bbox 1043 2349 1107 2405; x_wconf 70' lang='lat' dir='ltr'><em>et)</em></span> <span class='ocrx_word' id='word_1_186' title='bbox 1143 2347 1246 2392; x_wconf 85' lang='lat' dir='ltr'><em>Mor</em></span> <span class='ocrx_word' id='word_1_187' title='bbox 1368 2353 1392 2391; x_wconf 81' lang='lat'>2</span> <span class='ocrx_word' id='word_1_188' title='bbox 1423 2347 1507 2391; x_wconf 86' lang='grc' dir='ltr'><em>τὸν</em></span> <span class='ocrx_word' id='word_1_189' title='bbox 1538 2346 1796 2404; x_wconf 86' lang='grc' dir='ltr'><em>τιμήσαντα</em></span> 
     </span>
     <span class='ocr_line' id='line_1_28' title="bbox 100 2404 1797 2481; baseline 0.002 -33"><span class='ocrx_word' id='word_1_190' title='bbox 100 2404 261 2449; x_wconf 80' lang='lat' dir='ltr'>Macar</span> <span class='ocrx_word' id='word_1_191' title='bbox 392 2411 417 2450; x_wconf 86' lang='lat'><strong>3</strong></span> <span class='ocrx_word' id='word_1_192' title='bbox 449 2406 534 2463; x_wconf 85' lang='grc' dir='ltr'><em>τὴν</em></span> <span class='ocrx_word' id='word_1_193' title='bbox 565 2405 702 2463; x_wconf 84' lang='grc' dir='ltr'><em>χάριν</em></span> <span class='ocrx_word' id='word_1_194' title='bbox 733 2405 862 2461; x_wconf 81' lang='grc' dir='ltr'><em>παρὰ</em></span> <span class='ocrx_word' id='word_1_195' title='bbox 893 2414 975 2451; x_wconf 86' lang='grc' dir='ltr'><em>τοῦ</em></span> <span class='ocrx_word' id='word_1_196' title='bbox 1008 2407 1157 2463; x_wconf 88' lang='grc' dir='ltr'><em>δήμου</em></span> <span class='ocrx_word' id='word_1_197' title='bbox 1181 2407 1285 2452; x_wconf 83' lang='lat' dir='ltr'><em>AGl</em></span> <span class='ocrx_word' id='word_1_198' title='bbox 1417 2410 1442 2448; x_wconf 82' lang='grc' dir='ltr'>ὅ</span> <span class='ocrx_word' id='word_1_199' title='bbox 1473 2407 1797 2481; x_wconf 76' lang='grc' dir='ltr'><em>θαυμάζοντες</em></span> 
     </span>
     <span class='ocr_line' id='line_1_29' title="bbox 100 2462 1795 2539; baseline 0 -31"><span class='ocrx_word' id='word_1_200' title='bbox 100 2465 159 2508; x_wconf 91' lang='grc' dir='ltr'>Η</span> <span class='ocrx_word' id='word_1_201' title='bbox 274 2469 298 2508; x_wconf 87' lang='grc'><strong>6</strong></span> <span class='ocrx_word' id='word_1_202' title='bbox 335 2467 415 2509; x_wconf 81' lang='grc' dir='ltr'><em>καὶ</em></span> <span class='ocrx_word' id='word_1_203' title='bbox 447 2479 523 2510; x_wconf 89' lang='lat' dir='ltr'><em>om</em></span> <span class='ocrx_word' id='word_1_204' title='bbox 548 2467 602 2511; x_wconf 90' lang='lat' dir='ltr'><strong><em>H</em></strong></span> <span class='ocrx_word' id='word_1_205' title='bbox 721 2470 744 2508; x_wconf 83' lang='lat'>7</span> <span class='ocrx_word' id='word_1_206' title='bbox 780 2462 915 2516; x_wconf 83' lang='grc' dir='ltr'><em>οὗτος</em></span> <span class='ocrx_word' id='word_1_207' title='bbox 945 2480 1021 2510; x_wconf 91' lang='lat' dir='ltr'><em>om</em></span> <span class='ocrx_word' id='word_1_208' title='bbox 1044 2467 1172 2511; x_wconf 84' lang='lat' dir='ltr'><em>BVa</em></span> <span class='ocrx_word' id='word_1_209' title='bbox 1303 2470 1330 2510; x_wconf 87' lang='lat'>8</span> <span class='ocrx_word' id='word_1_210' title='bbox 1362 2463 1577 2523; x_wconf 82' lang='grc' dir='ltr'><em>ὑποψίαν</em></span> <span class='ocrx_word' id='word_1_211' title='bbox 1608 2466 1795 2539; x_wconf 79' lang='lat' dir='ltr'>reposui</span> 
     </span>
     <span class='ocr_line' id='line_1_30' title="bbox 99 2521 1794 2581; baseline 0.002 -16"><span class='ocrx_word' id='word_1_212' title='bbox 99 2536 126 2566; x_wconf 84' lang='lat' dir='ltr'>e</span> <span class='ocrx_word' id='word_1_213' title='bbox 156 2521 290 2568; x_wconf 81' lang='lat' dir='ltr'>libris</span> <span class='ocrx_word' id='word_1_214' title='bbox 322 2525 404 2569; x_wconf 83' lang='lat' dir='ltr'><em>sed</em></span> <span class='ocrx_word' id='word_1_215' title='bbox 435 2542 463 2569; x_wconf 92' lang='grc' dir='ltr'><em>ν</em></span> <span class='ocrx_word' id='word_1_216' title='bbox 487 2525 580 2568; x_wconf 82' lang='lat' dir='ltr'><em>add</em></span> <span class='ocrx_word' id='word_1_217' title='bbox 604 2526 689 2569; x_wconf 81' lang='lat' dir='ltr'><em>Mn</em></span> <span class='ocrx_word' id='word_1_218' title='bbox 721 2527 767 2568; x_wconf 70' lang='lat' dir='ltr'><em>et</em></span> <span class='ocrx_word' id='word_1_219' title='bbox 800 2542 830 2568; x_wconf 89' lang='grc' dir='ltr'><em>α</em></span> <span class='ocrx_word' id='word_1_220' title='bbox 856 2538 996 2581; x_wconf 80' lang='lat' dir='ltr'><strong>supra</strong></span> <span class='ocrx_word' id='word_1_221' title='bbox 1027 2542 1088 2570; x_wconf 84' lang='grc' dir='ltr'><em>αν</em></span> <span class='ocrx_word' id='word_1_222' title='bbox 1122 2524 1225 2581; x_wconf 73' lang='lat' dir='ltr'><em>Va²‚</em></span> <span class='ocrx_word' id='word_1_223' title='bbox 1257 2526 1312 2569; x_wconf 76' lang='lat' dir='ltr'><em>ut</em></span> <span class='ocrx_word' id='word_1_224' title='bbox 1344 2526 1449 2571; x_wconf 85' lang='lat' dir='ltr'>coni</span> <span class='ocrx_word' id='word_1_225' title='bbox 1480 2525 1548 2568; x_wconf 85' lang='lat' dir='ltr'><em>Re</em></span> <span class='ocrx_word' id='word_1_226' title='bbox 1610 2522 1794 2581; x_wconf 83' lang='grc' dir='ltr'><em>ὑποψία</em></span> 
     </span>
     <span class='ocr_line' id='line_1_31' title="bbox 99 2582 1795 2646; baseline 0.001 -21"><span class='ocrx_word' id='word_1_227' title='bbox 99 2582 211 2626; x_wconf 80' lang='lat' dir='ltr'><strong>Fert</strong></span> <span class='ocrx_word' id='word_1_228' title='bbox 271 2582 455 2646; x_wconf 80' lang='grc' dir='ltr'><em>ὑποψία</em></span> <span class='ocrx_word' id='word_1_229' title='bbox 486 2584 589 2628; x_wconf 81' lang='lat' dir='ltr'><em>Mor</em></span> <span class='ocrx_word' id='word_1_230' title='bbox 619 2584 688 2629; x_wconf 78' lang='lat' dir='ltr'><em>Re</em></span> <span class='ocrx_word' id='word_1_231' title='bbox 748 2582 934 2645; x_wconf 80' lang='grc' dir='ltr'><em>ὑποψίᾳ</em></span> <span class='ocrx_word' id='word_1_232' title='bbox 965 2600 1019 2640; x_wconf 90' lang='grc' dir='ltr'><em>με</em></span> <span class='ocrx_word' id='word_1_233' title='bbox 1050 2584 1205 2643; x_wconf 81' lang='grc' dir='ltr'><em>βάλλει</em></span> <span class='ocrx_word' id='word_1_234' title='bbox 1243 2584 1406 2630; x_wconf 81' lang='lat' dir='ltr'>Iacobs</span> <span class='ocrx_word' id='word_1_235' title='bbox 1434 2584 1541 2628; x_wconf 85' lang='lat' dir='ltr'><em>Add</em></span> <span class='ocrx_word' id='word_1_236' title='bbox 1566 2588 1652 2628; x_wconf 84' lang='lat'><em>342</em></span> <span class='ocrx_word' id='word_1_237' title='bbox 1684 2582 1795 2627; x_wconf 76' lang='lat' dir='ltr'>Lect</span> 
     </span>
     <span class='ocr_line' id='line_1_32' title="bbox 101 2630 1794 2702; baseline 0 -16"><span class='ocrx_word' id='word_1_238' title='bbox 101 2639 110 2699; x_wconf 88' lang='grc' dir='ltr'>Ι</span> <span class='ocrx_word' id='word_1_239' title='bbox 143 2640 228 2697; x_wconf 88' lang='grc' dir='ltr'><em>τὴν</em></span> <span class='ocrx_word' id='word_1_240' title='bbox 253 2667 308 2674; x_wconf 93' lang='grc'><strong>-</strong></span> <span class='ocrx_word' id='word_1_241' title='bbox 335 2646 360 2686; x_wconf 91' lang='grc'>9</span> <span class='ocrx_word' id='word_1_242' title='bbox 401 2630 582 2700; x_wconf 79' lang='grc' dir='ltr'><em>σπουδὴ</em></span> <span class='ocrx_word' id='word_1_243' title='bbox 585 2661 612 2687; x_wconf 84' lang='grc' dir='ltr'><em>ν</em></span> <span class='ocrx_word' id='word_1_244' title='bbox 652 2657 727 2688; x_wconf 90' lang='lat' dir='ltr'><em>om</em></span> <span class='ocrx_word' id='word_1_245' title='bbox 752 2644 798 2687; x_wconf 92' lang='lat' dir='ltr'><em>B</em></span> <span class='ocrx_word' id='word_1_246' title='bbox 942 2648 998 2687; x_wconf 89' lang='lat'><em>10</em></span> <span class='ocrx_word' id='word_1_247' title='bbox 1035 2647 1279 2688; x_wconf 80' lang='grc' dir='ltr'><em>ποιεῖσθαι</em></span> <span class='ocrx_word' id='word_1_248' title='bbox 1317 2662 1372 2690; x_wconf 85' lang='grc' dir='ltr'><em>νο</em></span> <span class='ocrx_word' id='word_1_249' title='bbox 1374 2643 1515 2702; x_wconf 83' lang='grc' dir='ltr'><em>μίζων</em></span> <span class='ocrx_word' id='word_1_250' title='bbox 1550 2644 1794 2701; x_wconf 78' lang='grc' dir='ltr'><em>ἐπιβουλῆς</em></span> 
     </span>
     <span class='ocr_line' id='line_1_33' title="bbox 100 2661 1790 2761; baseline -0.001 -16"><span class='ocrx_word' id='word_1_251' title='bbox 100 2700 228 2745; x_wconf 88' lang='lat' dir='ltr'><em>BVa</em></span> <span class='ocrx_word' id='word_1_252' title='bbox 260 2701 343 2746; x_wconf 79' lang='lat' dir='ltr'><em>sed</em></span> <span class='ocrx_word' id='word_1_253' title='bbox 373 2701 422 2745; x_wconf 88' lang='lat' dir='ltr'><em>in</em></span> <span class='ocrx_word' id='word_1_254' title='bbox 460 2661 582 2747; x_wconf 68' lang='lat' dir='ltr'><em>hoe,²7</em></span> <span class='ocrx_word' id='word_1_255' title='bbox 589 2704 838 2761; x_wconf 79' lang='grc' dir='ltr'><em>ἐπιβουλῆς</em></span> <span class='ocrx_word' id='word_1_256' title='bbox 873 2702 924 2746; x_wconf 91' lang='lat' dir='ltr'><em>in</em></span> <span class='ocrx_word' id='word_1_257' title='bbox 962 2702 1037 2747; x_wconf 86' lang='lat' dir='ltr'><em>lae</em></span> <span class='ocrx_word' id='word_1_258' title='bbox 1070 2707 1095 2747; x_wconf 88' lang='grc'>9</span> <span class='ocrx_word' id='word_1_259' title='bbox 1127 2703 1208 2747; x_wconf 77' lang='lat' dir='ltr'><strong>litt</strong></span> <span class='ocrx_word' id='word_1_260' title='bbox 1238 2702 1310 2747; x_wconf 74' lang='lat' dir='ltr'><em>m&#39;</em></span> <span class='ocrx_word' id='word_1_261' title='bbox 1446 2709 1498 2747; x_wconf 87' lang='lat'><em>11</em></span> <span class='ocrx_word' id='word_1_262' title='bbox 1540 2702 1686 2747; x_wconf 80' lang='grc' dir='ltr'><em>αὐτὸν</em></span> <span class='ocrx_word' id='word_1_263' title='bbox 1717 2715 1790 2745; x_wconf 88' lang='lat' dir='ltr'><em>om</em></span> 
     </span>
     <span class='ocr_line' id='line_1_34' title="bbox 107 2759 1794 2820; baseline 0.001 -17"><span class='ocrx_word' id='word_1_264' title='bbox 107 2759 224 2804; x_wconf 78' lang='lat' dir='ltr'><em>ViGl</em></span> <span class='ocrx_word' id='word_1_265' title='bbox 344 2765 398 2805; x_wconf 89' lang='lat'><em>13</em></span> <span class='ocrx_word' id='word_1_266' title='bbox 432 2760 485 2806; x_wconf 83' lang='grc' dir='ltr'><em>δέ</em></span> <span class='ocrx_word' id='word_1_267' title='bbox 514 2778 593 2817; x_wconf 85' lang='grc' dir='ltr'><em>μοι</em></span> <span class='ocrx_word' id='word_1_268' title='bbox 621 2763 680 2805; x_wconf 82' lang='lat' dir='ltr'><em>Vi</em></span> <span class='ocrx_word' id='word_1_269' title='bbox 802 2766 856 2805; x_wconf 85' lang='lat'><em>14</em></span> <span class='ocrx_word' id='word_1_270' title='bbox 895 2762 1017 2818; x_wconf 80' lang='grc' dir='ltr'><em>ἀνεφ</em></span> <span class='ocrx_word' id='word_1_271' title='bbox 982 2761 1112 2819; x_wconf 86' lang='grc' dir='ltr'><em>φάνη</em></span> <span class='ocrx_word' id='word_1_272' title='bbox 1139 2764 1201 2807; x_wconf 85' lang='grc' dir='ltr'><em>Μ</em></span> <span class='ocrx_word' id='word_1_273' title='bbox 1238 2765 1245 2820; x_wconf 90' lang='grc' dir='ltr'>Ι</span> <span class='ocrx_word' id='word_1_274' title='bbox 1283 2763 1364 2807; x_wconf 83' lang='grc' dir='ltr'><em>καὶ</em></span> <span class='ocrx_word' id='word_1_275' title='bbox 1395 2764 1505 2807; x_wconf 75' lang='lat' dir='ltr'><strong>ante</strong></span> <span class='ocrx_word' id='word_1_276' title='bbox 1537 2760 1794 2817; x_wconf 79' lang='grc' dir='ltr'><em>κατήγορος</em></span> 
     </span>
     <span class='ocr_line' id='line_1_35' title="bbox 94 2819 1792 2890; baseline 0 -27"><span class='ocrx_word' id='word_1_277' title='bbox 94 2819 146 2865; x_wconf 84' lang='grc' dir='ltr'><strong><em>Α</em></strong></span> <span class='ocrx_word' id='word_1_278' title='bbox 269 2824 322 2863; x_wconf 84' lang='grc'>15</span> <span class='ocrx_word' id='word_1_279' title='bbox 357 2819 608 2879; x_wconf 80' lang='grc' dir='ltr'><em>ἐκαρτέρει]</em></span> <span class='ocrx_word' id='word_1_280' title='bbox 635 2820 791 2875; x_wconf 80' lang='grc' dir='ltr'><em>ἑώρων</em></span> <span class='ocrx_word' id='word_1_281' title='bbox 816 2820 923 2873; x_wconf 77' lang='grc' dir='ltr'><em>ἴσως</em></span> <span class='ocrx_word' id='word_1_282' title='bbox 946 2820 1157 2877; x_wconf 81' lang='grc' dir='ltr'><em>ἑκάτεροι</em></span> <span class='ocrx_word' id='word_1_283' title='bbox 1173 2822 1230 2864; x_wconf 90' lang='grc' dir='ltr'><em>Η</em></span> <span class='ocrx_word' id='word_1_284' title='bbox 1287 2821 1387 2866; x_wconf 78' lang='grc' dir='ltr'><em>ἴσθι</em></span> <span class='ocrx_word' id='word_1_285' title='bbox 1412 2821 1534 2890; x_wconf 67' lang='grc' dir='ltr'><em>ὁρῷν</em></span> <span class='ocrx_word' id='word_1_286' title='bbox 1548 2819 1792 2889; x_wconf 81' lang='grc' dir='ltr'><em>ἐκαρτέρει</em></span> 
     </span>
     <span class='ocr_line' id='line_1_36' title="bbox 108 2878 1795 2938; baseline 0.001 -16"><span class='ocrx_word' id='word_1_287' title='bbox 108 2878 166 2922; x_wconf 77' lang='lat' dir='ltr'><em>Vi</em></span> <span class='ocrx_word' id='word_1_288' title='bbox 188 2879 270 2922; x_wconf 81' lang='lat' dir='ltr'><em>sed</em></span> <span class='ocrx_word' id='word_1_289' title='bbox 295 2878 373 2923; x_wconf 86' lang='lat' dir='ltr'><em>del</em></span> <span class='ocrx_word' id='word_1_290' title='bbox 395 2879 465 2922; x_wconf 76' lang='lat' dir='ltr'><em>m’</em></span> <span class='ocrx_word' id='word_1_291' title='bbox 586 2885 640 2924; x_wconf 87' lang='lat'><em>16</em></span> <span class='ocrx_word' id='word_1_292' title='bbox 673 2878 844 2938; x_wconf 74' lang='grc' dir='ltr'><em>ἐλέγχει</em></span> <span class='ocrx_word' id='word_1_293' title='bbox 868 2881 994 2925; x_wconf 87' lang='lat' dir='ltr'><em>BVa</em></span> <span class='ocrx_word' id='word_1_294' title='bbox 1116 2885 1168 2924; x_wconf 74' lang='lat'><em>17</em></span> <span class='ocrx_word' id='word_1_295' title='bbox 1205 2878 1364 2935; x_wconf 82' lang='grc' dir='ltr'><em>ἀθρόα</em></span> <span class='ocrx_word' id='word_1_296' title='bbox 1396 2879 1561 2937; x_wconf 83' lang='lat' dir='ltr'>scripsi</span> <span class='ocrx_word' id='word_1_297' title='bbox 1594 2893 1649 2922; x_wconf 82' lang='lat' dir='ltr'><em>ex</em></span> <span class='ocrx_word' id='word_1_298' title='bbox 1674 2879 1795 2923; x_wconf 74' lang='lat' dir='ltr'><em>HVi</em></span> 
     </span>
    </p>

    <p class='ocr_par' dir='ltr' id='par_1_11' title="bbox 158 2897 1704 2995">
     <span class='ocr_line' id='line_1_37' title="bbox 158 2897 1704 2995; baseline 0.001 -15"><span class='ocrx_word' id='word_1_299' title='bbox 158 2936 342 2993; x_wconf 76' lang='grc' dir='ltr'><em>ἀθρόον</em></span> <span class='ocrx_word' id='word_1_300' title='bbox 368 2939 515 2984; x_wconf 83' lang='grc' dir='ltr'><strong><em>ΑΟΖΒ</em></strong></span> <span class='ocrx_word' id='word_1_301' title='bbox 527 2940 659 2983; x_wconf 85' lang='lat' dir='ltr'><em>VaM</em></span> <span class='ocrx_word' id='word_1_302' title='bbox 687 2897 800 2983; x_wconf 70' lang='grc' dir='ltr'><em>Θᾱᾶχ</em></span> <span class='ocrx_word' id='word_1_303' title='bbox 902 2943 956 2982; x_wconf 93' lang='grc'>18</span> <span class='ocrx_word' id='word_1_304' title='bbox 989 2938 1155 2995; x_wconf 82' lang='grc' dir='ltr'><em>μέσους</em></span> <span class='ocrx_word' id='word_1_305' title='bbox 1179 2941 1237 2983; x_wconf 87' lang='lat' dir='ltr'><em>H</em></span> <span class='ocrx_word' id='word_1_306' title='bbox 1241 2941 1299 2984; x_wconf 70' lang='lat' dir='ltr'><em>Vt</em></span> <span class='ocrx_word' id='word_1_307' title='bbox 1420 2944 1474 2983; x_wconf 89' lang='lat'><em>19</em></span> <span class='ocrx_word' id='word_1_308' title='bbox 1507 2939 1622 2994; x_wconf 84' lang='grc' dir='ltr'><em>φασὶ</em></span> <span class='ocrx_word' id='word_1_309' title='bbox 1647 2941 1704 2995; x_wconf 46' lang='grc' dir='ltr'><em>Αν</em></span> 
     </span>
    </p>
   </div>
   <div class='ocr_carea' id='block_1_9' title="bbox 1830 1078 1871 1109">
    <p class='ocr_par' dir='ltr' id='par_1_12' title="bbox 1830 1078 1871 1109">
     <span class='ocr_line' id='line_1_38' title="bbox 1830 1078 1871 1109; baseline 0 0"><span class='ocrx_word' id='word_1_310' title='bbox 1830 1078 1871 1109; x_wconf 93' lang='grc'>10</span> 
     </span>
    </p>
   </div>
   <div class='ocr_carea' id='block_1_10' title="bbox 1826 1523 1868 1555">
    <p class='ocr_par' dir='ltr' id='par_1_13' title="bbox 1826 1523 1868 1555">
     <span class='ocr_line' id='line_1_39' title="bbox 1826 1523 1868 1555; baseline 0 0"><span class='ocrx_word' id='word_1_311' title='bbox 1826 1523 1868 1555; x_wconf 85' lang='grc'>15</span> 
     </span>
    </p>
   </div>
   <div class='ocr_carea' id='block_1_11' title="bbox 1822 1969 1866 2000">
    <p class='ocr_par' dir='ltr' id='par_1_14' title="bbox 1822 1969 1866 2000">
     <span class='ocr_line' id='line_1_40' title="bbox 1822 1969 1866 2000; baseline 0 0"><span class='ocrx_word' id='word_1_312' title='bbox 1822 1969 1866 2000; x_wconf 84' lang='grc'><em>20</em></span> 
     </span>
    </p>
   </div>
  </div>
 </body>
</html>
