2044 3168
221 110 329 162 284
613 108 841 152 LIBANII
870 107 1261 152 DECLAMATIO
1294 107 1529 151 XXXVIII

219 245 252 314 ἢ
292 251 803 313 παρακρουσθῆναι.
849 246 911 297 τὸ
957 244 1060 312 μὲν
1105 245 1210 312 γάρ
1262 242 1376 296 ἐστι
1423 251 1518 311 τῆς
1564 251 1664 296 τοῦ
1705 247 1913 313 χαριζο-

220 333 393 403 μένου
438 335 652 402 κακίας,
699 335 761 387 τὸ
811 331 870 386 δὲ
917 341 1011 402 τῆς
1061 343 1172 384 τῶν
1211 331 1424 401 τάληθῆ
1467 333 1914 401 διαστρεφόντων

220 423 426 492 τέχνης.
489 422 759 491 μέμψαιτο
814 421 862 474 δ’
910 421 980 474 ἂν
1035 419 1220 483 οὐδεὶς
1275 419 1397 474 ἀντὶ
1451 427 1551 474 τοῦ
1607 422 1916 491 δράσαντος

220 514 334 565 τὸν·
357 513 690 564 πεπονθότα.
731 508 862 563 οὐδὲ
901 512 1005 579 γὰρ
1038 510 1067 563 ὁ
1099 508 1270 580 κῆρυξ
1301 511 1533 572 τούτους
1566 510 1749 578 ἀφιεὶς
1781 509 1915 564 ἑκεί-

177 622 196 654 5
222 622 341 663 νοις
380 609 692 671 καταρᾶται.
732 602 804 669 μὴ
844 603 1039 653 τοίνυν
1077 620 1143 666 με
1183 600 1443 667 διάβαλλε
1491 599 1631 667 πρὸς
1670 599 1916 663 ἐκείνους

220 693 350 753 τοὺς
398 691 657 753 δικαστὰς
704 693 762 743 οἳ
805 688 916 758 μετ’
964 689 1097 756 ἐμοῦ
1145 690 1292 758 παρὰ
1339 696 1434 756 τῆς
1481 695 1579 756 σῆς
1624 688 1914 756 ἠδίκηνται

220 779 404 847 ῥώμης
450 772 484 848 ᾗ
529 783 705 848 πολλῇ
760 785 1041 847 πανταχοῦ
1096 777 1382 847 κέχρησαι,
1437 775 1517 830 ἐπ’
1574 777 1803 846 ἀγορᾶς,
1855 777 1917 831 ἐν

219 869 624 938 βουλευτηρίῳ,
673 867 733 920 ἐν
779 866 1114 934 ἐκκλησίαις,
1162 864 1224 918 ἐν
1272 867 1657 934 δικαστηρίοις.
1707 867 1917 919 οὐκοῦν

221 956 463 1027 ἐκράτεις
501 954 604 1026 μὲν
651 956 718 1009 οὐ
759 957 1006 1024 δικαίως,
1054 957 1227 1023 νόμον
1274 954 1336 1007 δὲ
1373 959 1552 1017 καλῶς
1590 953 1787 1024 ἔχοντα
1825 953 1914 1008 καὶ

155 1067 197 1099 10
220 1049 545 1114 βοηθοῦντα
590 1055 707 1108 τοῖς
754 1047 1125 1113 γεγαμηκόσιν
1171 1041 1408 1112 ἔδεισας,
1462 1050 1536 1114 τῷ
1586 1043 1697 1097 δέει
1745 1041 1805 1096 δὲ
1852 1045 1915 1097 τὸ

220 1135 499 1204 μοιχεύειν
539 1135 905 1202 ὡμολόγησας.

334 1224 419 1277 33.
469 1225 595 1292 Τὴν
643 1223 693 1275 δ’
748 1223 867 1276 ἀπὸ
920 1230 1035 1276 τοῦ
1091 1223 1498 1292 γράψασθαι,
1555 1225 1751 1291 φησίν,
1799 1222 1915 1275 ὑπ-

222 1315 419 1376 οψίαν
465 1310 688 1366 ἔδεισα
739 1312 906 1375 ἴσως.
961 1310 1079 1365 ἀλλ’
1125 1308 1194 1380 ἧν
1233 1314 1418 1380 μεῖζον
1458 1310 1518 1364 ἐν
1556 1318 1630 1383 τῷ
1674 1312 1744 1378 μὴ
1784 1311 1915 1379 γρά-

220 1407 435 1466 ψασθαι
474 1403 535 1455 τὸ
576 1401 714 1464 δέος.
751 1402 812 1454 τὸ
853 1398 954 1470 μὲν
992 1402 1096 1470 γὰρ
1137 1394 1247 1469 εἶχε
1278 1402 1476 1468 φόνον,
1514 1402 1576 1454 τὸ
1618 1398 1678 1453 δὲ
1717 1401 1914 1467 κρίσιν.

156 1512 197 1545 15
220 1492 311 1544 καὶ
334 1492 472 1558 πρὸς
495 1489 596 1560 μὲν
620 1498 784 1544 τοῦτο
807 1499 921 1543 τῶν
945 1492 1127 1558 λόγων
1151 1490 1253 1542 οὐκ
1278 1489 1581 1558 ἀπορήσειν
1601 1490 1915 1558 (ἔμελλεν),

220 1581 358 1646 πρὸς
390 1579 566 1633 ἐκεῖνο
606 1576 667 1631 δὲ
703 1578 846 1643 ἕξειν
879 1578 1060 1632 οὐδέν.
1100 1577 1323 1647 ἡγήσατ’
1364 1575 1468 1632 οὗν
1500 1577 1917 1647 ἀσφαλεστέραν

219 1678 316 1738 τῆς
354 1670 492 1739 πρὸς
530 1670 591 1722 τὸ
633 1669 888 1738 σιδήριον
926 1669 1027 1736 τὴν
1066 1670 1205 1736 πρὸς
1243 1668 1309 1720 τὰ
1347 1669 1611 1737 τεκμήρια
1649 1667 1839 1736 μάχην.

333 1758 417 1810 34.
458 1756 640 1828 Χωρὶς
686 1755 747 1810 δὲ
795 1758 1009 1810 τούτων
1053 1758 1229 1810 πολλὰ
1274 1755 1366 1809 καὶ
1414 1762 1566 1810 θεῶν
1614 1756 1750 1826 ὀργῇ
1801 1774 1916 1809 ποι-

133 1851 252 1895 RIV
270 1856 356 1895 564
404 1854 568 1899 οὖσιν
622 1847 940 1916 ἄνθρωποι,
994 1842 1064 1898 δι’
1122 1844 1127 1916 Ι
1173 1865 1253 1898 ων
1307 1844 1465 1899 αὐτοὶ
1520 1855 1680 1914 σφῶν
1733 1845 1917 1898 αὐτῶν

343 1952 370 1990 4
402 1947 531 1991 Dem.
566 1961 655 1990 cor
687 1962 733 2003 p.
761 1951 861 2001 319,
880 1952 957 2002 273
991 1947 1212 1991 Aristocr
1246 1962 1289 2003 p
1318 1951 1417 2000 653,
1436 1951 1462 1990 5

346 2020 367 2078 1
402 2036 762 2091 παρακρούομαι
793 2036 870 2079 καὶ
906 2037 1067 2080 ἀπατῶ
1100 2037 1182 2079 καὶ
1211 2037 1262 2080 τὸ
1296 2037 1543 2091 ἀπατῶμαι
1568 2035 1679 2079 Ma²

345 2131 366 2168 1
401 2128 826 2192 παρακρουσθῆναι
865 2125 1028 2181 scripsi
1060 2138 1085 2168 e
1120 2125 1483 2170 MLaMaCZVa
1522 2125 1603 2167 sed
1642 2124 1690 2166 in
1734 2124 1821 2168 hoc
1861 2142 1916 2181 γρ

222 2184 645 2239 παρακρουσθέντα
685 2184 734 2227 in
767 2198 900 2240 marg
930 2184 1013 2239 m²‚
1054 2184 1171 2227 Plan
1246 2182 1670 2239 παρακρουσθέντα
1695 2184 1741 2227 Β
1781 2183 1871 2226 edd
1907 2184 1913 2245 Ι

226 2250 248 2287 1
284 2245 331 2287 et
363 2249 387 2287 2
420 2243 478 2286 τὰ
503 2245 579 2287 La
701 2248 725 2285 2
766 2221 922 2299 ἀληθῆ
949 2245 1025 2287 La
1056 2244 1138 2287 sed
1170 2260 1194 2287 τ
1227 2245 1369 2299 antep
1401 2258 1424 2287 s
1483 2241 1525 2286 τ’
1561 2243 1717 2298 ἀληθῆ
1752 2243 1796 2285 Β

225 2309 252 2346 4
295 2302 440 2357 κήρυξ
471 2303 546 2346 La
603 2305 609 2359 1
667 2302 825 2357 ἀφιεὶς
863 2303 1026 2359 scripsi
1066 2316 1090 2346 e
1125 2303 1410 2348 MLaMaOl
1491 2302 1628 2358 ἀφεὶς
1658 2302 1785 2346 BVa
1824 2303 1916 2347 edd

343 2366 368 2404 5
396 2361 670 2436 ὃιαβάλλετε
701 2361 812 2404 Fen·
842 2361 944 2405 Mor
1067 2366 1089 2405 7
1124 2358 1152 2415 ἦ
1178 2362 1254 2406 La
1279 2361 1360 2405 sed
1384 2378 1400 2405 ι
1425 2361 1586 2405 subscr
1608 2375 1630 2404 s
1750 2366 1775 2404 8
1809 2363 1914 2420 βου-

223 2418 480 2477 λευτηρίοις
513 2422 574 2465 Μ
604 2420 672 2463 Re
722 2422 727 2476 Ι
779 2419 995 2493 ἐκκλησία
1027 2422 1103 2466 La
1153 2424 1158 2477 Ι
1207 2428 1307 2471 τοῖς
1346 2423 1454 2464 ante
1494 2418 1808 2475 δικαστηρίοις
1838 2422 1916 2466 La

225 2480 316 2524 edd
379 2479 528 2523 delevi
556 2482 562 2535 Ι
590 2476 869 2536 δικαστηρίω
892 2481 954 2523 Μ
1072 2485 1096 2523 9
1131 2479 1336 2534 ἐκράτεις
1361 2481 1436 2524 La
1468 2479 1550 2522 scd
1583 2497 1605 2530 ς
1637 2493 1852 2535 suprascr
1881 2495 1916 2525 ‘n

346 2543 399 2582 13
437 2542 568 2595 „fort.
603 2539 754 2583 ἔδεισα
789 2539 870 2593 μὲν
904 2538 1034 2589 ἰ’σως“
1078 2539 1147 2582 Re
1197 2540 1204 2597 Ι
1253 2536 1376 2596 ἀλλ’]
1410 2537 1592 2595 ηκιστα
1628 2536 1832 2582 ἀλλ’ὅτι
1864 2555 1915 2594 γε

226 2600 288 2642 Μ
406 2603 460 2641 15
492 2605 628 2641 τοῦτο
659 2604 751 2641 τῶν
783 2596 930 2654 λόγων
963 2598 1128 2654 scripsi
1188 2605 1323 2642 τοῦτο
1356 2597 1506 2655 λόγων
1531 2598 1576 2640 R
1609 2597 1700 2640 edd
1768 2599 1914 2642 τούτω

223 2664 285 2700 τῶ
318 2654 434 2730 λόγω
463 2656 744 2701 MLaMaCl
755 2657 823 2700 Va
851 2661 856 2710 Ι
887 2657 1103 2712 ἔμελλεν
1090 2657 1266 2701 inserui
1327 2671 1403 2700 om
1426 2656 1537 2699 libri
1562 2656 1651 2699 edd
1678 2657 1759 2700 sed
1791 2663 1917 2713 „post

224 2717 477 2771 ἀπορήσειν
503 2721 584 2760 aut
607 2721 716 2771 post
747 2713 865 2768 ε’ξειν
898 2717 1041 2760 deesse
1071 2717 1251 2761 videtur
1283 2716 1336 2772 ἔμ
1338 2718 1491 2759 ελλον“
1527 2715 1594 2758 Re
1719 2721 1772 2759 16
1804 2714 1914 2772 ἡγή-

225 2789 336 2818 σατο
368 2775 444 2818 La
476 2775 556 2819 sed
592 2791 615 2818 ο
648 2787 788 2830 supra
855 2789 897 2827 s,
929 2776 981 2820 Oc
1007 2778 1014 2830 Ι
1041 2773 1388 2830 ἀσφαλεστέραν
1420 2774 1469 2817 in
1501 2788 1634 2831 marg
1660 2774 1785 2818 inser
1804 2774 1915 2819 Ma²

285 2848 358 2877 om
387 2834 440 2878 ΟΖ
561 2838 613 2876 17
639 2833 691 2877 τὸ
715 2832 959 2888 τεκμήριον
985 2834 1096 2877 Ferr
1118 2834 1221 2877 Mor
1245 2834 1399 2876 sedin
1422 2833 1510 2876 hoc
1534 2850 1589 2889 γρ
1613 2833 1670 2876 τὰ
1692 2833 1915 2890 τεκμήρια

224 2893 273 2935 in
304 2907 437 2949 marg
559 2896 612 2935 18
647 2895 776 2936 θεῶν
801 2893 876 2936 La
908 2894 989 2936 sed
1023 2901 1108 2936 εῶν
1140 2893 1189 2936 in
1213 2907 1287 2936 ras
1318 2893 1348 2947 f
1463 2897 1516 2935 19
1550 2893 1702 2936 αὑτῶν
1728 2894 1804 2936 La
1831 2893 1912 2936 sed

219 2949 230 2966 ³
270 2965 294 2994 e
319 2949 333 2966 '
371 2965 471 2994 corr
501 2953 535 3006 f,
571 2953 638 2996 Va
669 2951 759 2995 cdd
