2044 3168
264 137 371 192 338
709 138 975 198 [LIBANII]
1009 139 1402 184 DECLAMATIO
1433 139 1512 183 XL

262 277 367 346 γὰρ
414 278 546 338 τοὺς
591 276 792 338 παῖδας
843 274 1048 344 λέγειν,
1098 277 1399 329 αἰτιᾶσθαι.
1453 276 1481 329 ὁ
1523 274 1572 329 δ’
1620 277 1802 347 ὥσπερ
1846 277 1958 330 ε’πι-

262 364 525 435 χαίροντά
562 385 628 433 με
667 373 742 438 τῷ
775 370 924 437 κακῷ
975 372 1075 418 τοῦ
1116 364 1313 433 γένους
1352 364 1501 435 ὁρῶν
1539 365 1628 418 καὶ
1668 367 1956 435 φαιδρότε-

263 474 366 524 ρον
403 453 770 523 γεγενημένον
810 445 893 517 οἷς
933 453 1133 507 ἐκεῖνοι
1171 454 1523 507 πεπτώκασιν
1570 453 1756 521 ἕπου,
1801 458 1956 525 φησί,

264 543 490 596 δώσων
536 544 721 615 δίκας
767 538 854 596 ὧν
906 543 1065 596 κατὰ
1118 544 1372 596 παίδων
1425 545 1819 612 τετόλμηκας
1864 542 1955 597 καὶ

218 652 238 686 5
261 632 430 696 ψιλὸν
483 630 570 685 ἐπὶ
623 632 841 694 τούτοις
893 639 994 685 τοῦ
1050 635 1231 701 φόνου
1279 633 1646 702 προβάλλεται
1696 634 1953 702 τοῦνομα.

263 721 348 774 24.
391 720 495 789 ἐγὼ
536 718 585 774 δ’
626 718 776 790 οἶμαι
814 723 1116 790 προσήκειν
1153 722 1226 789 μὴ
1266 722 1326 774 τὸ
1366 721 1619 790 πραχθὲν
1651 721 1784 775 αὐτὸ
1817 721 1956 776 καθ’

263 809 395 863 αὑτὸ
442 812 619 879 μόνον
664 809 968 879 προφέρειν
1014 808 1138 880 μηδ’
1187 810 1362 873 οὕτως
1409 811 1656 874 εὐθύνας
1702 810 1955 864 ἀπαιτεῖν

261 900 361 952 τὸν
401 898 787 970 εἰργασμένον,
827 901 879 952 εἰ
914 900 986 969 μὴ
1025 897 1116 952 καὶ
1156 900 1258 969 τὴν
1305 900 1531 968 γνώμην
1569 898 1692 969 μεθ’
1740 896 1805 969 ἧς
1845 900 1954 970 εἴρ-

262 1001 457 1057 γασται
496 989 796 1042 πύθοισθε.
850 989 1025 1042 πολλὰ
1072 990 1174 1058 γὰρ
1220 998 1332 1041 τῶν
1370 990 1706 1058 πραγμάτων
1746 995 1954 1059 φαυλο-

196 1100 238 1133 ιο
262 1078 427 1148 τέραν
465 1075 575 1147 ἔχει
612 1079 714 1147 τὴν
751 1081 972 1147 κλῆσιν,
1019 1076 1137 1131 ἀλλ’
1176 1080 1226 1131 ει’
1264 1076 1355 1131 καὶ
1395 1080 1492 1132 τὸν
1540 1080 1748 1147 τρόπον
1786 1092 1955 1149 προσ-

263 1169 518 1236 επιθήσει
558 1187 662 1235 τις,
703 1167 877 1230 εὐθὺς
914 1165 1005 1220 καὶ
1051 1168 1113 1220 τὸ
1161 1168 1367 1220 δοκοῦν
1415 1171 1635 1237 φαῦλον
1680 1167 1953 1221 ἀπέωσται

173 1262 293 1307 RIV
311 1266 394 1306 592
443 1254 534 1309 καὶ
588 1257 653 1309 τὰ
706 1266 819 1309 τῶν
870 1257 1196 1326 κακούργων
1245 1254 1252 1328 Ι
1296 1255 1324 1309 ὁ
1381 1257 1587 1327 δράσας
1640 1249 1952 1326 ἐκπέφευγε.

262 1346 348 1399 25.
387 1346 479 1399 καὶ
516 1353 624 1400 νῦν
665 1344 693 1398 ὁ
734 1342 836 1414 μὲν
880 1348 1184 1416 κατήγορος
1228 1346 1394 1410 ψιλὸν
1442 1344 1687 1414 ἐπιφέρει
1734 1347 1795 1399 τὸ
1844 1348 1954 1415 εἰρ-

262 1434 540 1504 γασμένον
577 1432 670 1487 καὶ
709 1436 761 1487 ει’
795 1435 867 1504 μὴ
907 1437 1038 1498 τοὺς
1075 1435 1274 1497 παῖδας
1313 1433 1619 1503 ἀπέκτεινα,
1658 1442 1821 1488 τοῦτο
1861 1433 1951 1487 καὶ

196 1547 237 1580 1⁵
262 1526 437 1594 μόνον
480 1533 593 1577 τῶν
639 1525 824 1583 ἄλλων
877 1524 1221 1595 ἀποχωρίσας
1275 1525 1540 1587 πολλάκις
1592 1522 1683 1577 καὶ
1738 1524 1952 1576 πυκνὸν

264 1611 456 1684 ἐρωτᾷ,
495 1613 601 1683 ἐγὼ
643 1610 703 1666 δὲ
742 1614 803 1666 τὸ
843 1613 945 1680 μὲν
977 1613 1273 1682 εἰργάσθαι
1304 1614 1563 1682 παράπαν
1596 1613 1698 1667 οὐκ
1728 1610 1952 1682 ἔξαρνος

262 1705 509 1771 γίνομαι,
563 1704 624 1756 τὸ
681 1701 729 1755 δ’
793 1703 879 1755 ὅτι
940 1706 1141 1770 καλῶς,
1203 1700 1363 1755 τοῦθ’
1424 1702 1566 1772 ὑμᾶς
1628 1701 1950 1766 ἀναδιδάξαι

262 1791 614 1860 πειράσομαι,
662 1796 719 1844 εἴ
749 1810 859 1845 που
897 1789 987 1844 καὶ
1027 1791 1127 1844 τὸν
1164 1791 1403 1860 χρηστὸν
1448 1789 1669 1844 τουτονὶ
1715 1791 1807 1844 καὶ
1850 1798 1950 1844 τοῦ

262 1881 464 1950 πατρὸς
510 1879 635 1949 περὶ
682 1883 812 1943 τοὺς
857 1881 1057 1943 παῖδας
1097 1881 1597 1950 φιλοστοργότερον
1635 1879 1951 1933 καταιδέσαι

197 1993 240 2025 20
264 1971 572 2039 δυνήσομαι
610 1971 919 2040 βαρύτερον
949 1969 1080 2038 ἡμῖν
1119 1967 1210 2022 καὶ
1249 1976 1342 2037 τῆς
1380 1970 1545 2038 τύχης
1584 1967 1948 2037 ἀναφανέντα.

375 2058 461 2111 26.
502 2061 625 2111 Τῶν
663 2058 1031 2128 ἀδικημάτων,
1069 2055 1111 2111 ὦ
1144 2059 1427 2127 κατήγορε,
1468 2067 1577 2111 τῶν
1609 2057 1709 2127 μέν
1746 2077 1829 2120 τις
1859 2055 1950 2110 καὶ

265 2149 420 2210 δίκας
466 2146 743 2215 ἀπέτισεν,
790 2147 995 2217 ὅσαπερ
1042 2147 1074 2216 ἢ
1122 2148 1258 2215 πρὸς
1310 2144 1523 2217 ἔχθραν
1571 2148 1952 2215 κακουργήσας

264 2237 583 2306 πεφώραται
620 2235 653 2304 ἢ
694 2236 833 2306 πρὸς
870 2235 1064 2306 κέρδος
1103 2236 1332 2306 ἀφορῶν
1366 2234 1765 2304 ἐπεβούλευσεν
1796 2234 1828 2303 ἢ
1860 2234 1951 2288 καὶ

384 2401 409 2439 3
443 2396 600 2453 δοραὺ.
633 2396 663 2440 l.
689 2397 718 2441 l.
747 2401 847 2451 230,
868 2401 921 2441 14
940 2411 1006 2452 sq.
1131 2400 1156 2439 8
1190 2395 1246 2440 cf.
1277 2398 1309 2440 t.
1335 2395 1399 2439 IV
1422 2400 1522 2451 466,
1543 2401 1564 2439 1
1585 2395 1626 2439 R

385 2565 407 2603 1
442 2561 550 2610 τοὺς
579 2559 628 2603 in
660 2574 735 2603 ras
764 2559 876 2603 Ma³
902 2562 909 2615 ι
938 2558 967 2603 6'
995 2556 1040 2603 δ’
1076 2558 1188 2603 libri
1219 2559 1311 2602 edd
1432 2563 1458 2601 4
1491 2546 1658 2602 δώσὲἰν
1685 2560 1753 2604 Va
1779 2558 1786 2616 ι
1815 2556 1950 2615 δίκην

274 2620 341 2663 Va
482 2623 507 2662 5
539 2618 873 2677 προύβάλλεται
898 2619 941 2662 L
974 2618 1065 2662 edd
1187 2623 1210 2661 7
1245 2617 1382 2663 ἑαυτὸ
1417 2619 1473 2662 Vi
1499 2619 1505 2674 Ι
1533 2617 1592 2674 μὴ
1626 2615 1672 2663 δ’
1699 2617 1809 2662 libri
1840 2618 1950 2661 Ferr

263 2678 366 2722 Mor
441 2675 560 2735 μήθ’
599 2678 667 2722 Re
717 2679 723 2734 Ι
777 2683 901 2734 „post
943 2676 1089 2729 οὕτως
1128 2678 1308 2722 videtur
1346 2676 1501 2727 ἁπλῶς
1538 2678 1707 2722 deesse“
1741 2677 1809 2720 Re

266 2785 329 2883 {1
322 2789 414 2825 τῶν
439 2780 748 2883 Ξίργασμένων
772 2782 897 2864 Βῐζα
956 2754 1047 2826 τῶῖι
1072 2752 1383 2884 εἰργαῑσμένώῖ
1401 2782 1500 2884 ἔῑαΒ
1513 2840 1554 2883 V
1599 2785 1623 2823 9
1657 2777 1949 2883 φαυλοτὲέροὲν

266 2854 648 2956 φείύγίθΜτῒνεθιέ
669 2853 904 2957 γὲεἰῃωταε
937 2846 1050 2942 111311
1091 2857 1192 2942 τιῗδ
1225 2842 1465 2943 ἐδίύῦῗῐῖα
1497 2855 1580 2941 seg
1609 2898 1658 2941 in
1687 2844 1777 2941 hclu2:
1807 2855 1949 2942 οέπθκ

265 2957 290 3002 ὸ
323 2972 424 3002 corr
543 2963 598 3001 22
631 2957 863 3015 ἀπήτησεν
890 2959 1033 3003 MaOl
1045 2959 1146 3002 ViB
1159 2960 1226 3003 Va
1348 2962 1402 3000 23
1434 2958 1698 3014 πεφύραται
1721 2958 1765 3001 L
