<?xml version="1.0" encoding="UTF-8"?>
<!DOCTYPE html PUBLIC "-//W3C//DTD XHTML 1.0 Transitional//EN"
    "http://www.w3.org/TR/xhtml1/DTD/xhtml1-transitional.dtd">
<html xmlns="http://www.w3.org/1999/xhtml" xml:lang="en" lang="en">
 <head>
  <title>
</title>
<meta http-equiv="Content-Type" content="text/html;charset=utf-8" />
  <meta name='ocr-system' content='tesseract 3.04.00' />
  <meta name='ocr-capabilities' content='ocr_page ocr_carea ocr_par ocr_line ocrx_word'/>
</head>
<body>
  <div class='ocr_page' id='page_1' title='image "./operarecensuitri07libauoft_0460.png"; bbox 0 0 2014 3158; ppageno 0'>
   <div class='ocr_carea' id='block_1_1' title="bbox 243 98 1521 157">
    <p class='ocr_par' dir='ltr' id='par_1_1' title="bbox 243 98 1521 157">
     <span class='ocr_line' id='line_1_1' title="bbox 243 98 1521 157; baseline -0.007 -6"><span class='ocrx_word' id='word_1_1' title='bbox 243 100 354 151; x_wconf 83' lang='grc'><strong><em>442</em></strong></span> <span class='ocrx_word' id='word_1_2' title='bbox 655 98 922 157; x_wconf 90' lang='lat' dir='ltr'>[LIBANII]</span> <span class='ocrx_word' id='word_1_3' title='bbox 954 98 1344 143; x_wconf 84' lang='lat' dir='ltr'>DECLAMATIO</span> <span class='ocrx_word' id='word_1_4' title='bbox 1377 99 1521 143; x_wconf 89' lang='lat' dir='ltr'>XLIII</span> 
     </span>
    </p>
   </div>
   <div class='ocr_carea' id='block_1_2' title="bbox 151 233 1939 2439">
    <p class='ocr_par' dir='ltr' id='par_1_2' title="bbox 197 233 1938 748">
     <span class='ocr_line' id='line_1_2' title="bbox 243 233 1938 304; baseline 0.001 -17"><span class='ocrx_word' id='word_1_5' title='bbox 243 236 480 304; x_wconf 77' lang='grc' dir='ltr'><em>γράφειν</em></span> <span class='ocrx_word' id='word_1_6' title='bbox 517 233 607 287; x_wconf 89' lang='grc' dir='ltr'><strong><em>καὶ</em></strong></span> <span class='ocrx_word' id='word_1_7' title='bbox 647 236 708 287; x_wconf 93' lang='grc' dir='ltr'><strong><em>τὸ</em></strong></span> <span class='ocrx_word' id='word_1_8' title='bbox 749 234 930 303; x_wconf 89' lang='grc' dir='ltr'><strong><em>λέγειν</em></strong></span> <span class='ocrx_word' id='word_1_9' title='bbox 968 236 1000 303; x_wconf 84' lang='grc' dir='ltr'><em>ἡ</em></span> <span class='ocrx_word' id='word_1_10' title='bbox 1042 234 1294 302; x_wconf 79' lang='grc' dir='ltr'><em>ξύμπασα</em></span> <span class='ocrx_word' id='word_1_11' title='bbox 1331 237 1490 297; x_wconf 80' lang='grc' dir='ltr'><strong><em>πόλις</em></strong></span> <span class='ocrx_word' id='word_1_12' title='bbox 1523 237 1736 304; x_wconf 83' lang='grc' dir='ltr'><strong><em>ἔχομεν·</em></strong></span> <span class='ocrx_word' id='word_1_13' title='bbox 1776 237 1836 289; x_wconf 87' lang='grc' dir='ltr'><strong><em>τὸ</em></strong></span> <span class='ocrx_word' id='word_1_14' title='bbox 1878 234 1938 288; x_wconf 84' lang='grc' dir='ltr'><strong><em>δ’</em></strong></span> 
     </span>
     <span class='ocr_line' id='line_1_3' title="bbox 243 319 1938 393; baseline 0.001 -18"><span class='ocrx_word' id='word_1_15' title='bbox 243 322 471 391; x_wconf 83' lang='grc' dir='ltr'><strong><em>ἀληθές,</em></strong></span> <span class='ocrx_word' id='word_1_16' title='bbox 518 322 588 391; x_wconf 80' lang='grc' dir='ltr'><strong><em>ἢν</em></strong></span> <span class='ocrx_word' id='word_1_17' title='bbox 634 323 789 392; x_wconf 84' lang='grc' dir='ltr'><strong><em>ὑμεῖς</em></strong></span> <span class='ocrx_word' id='word_1_18' title='bbox 828 319 1219 393; x_wconf 84' lang='grc' dir='ltr'><strong><em>ἀκριβέστερον</em></strong></span> <span class='ocrx_word' id='word_1_19' title='bbox 1259 323 1576 377; x_wconf 82' lang='grc' dir='ltr'><strong><em>ἐπισκοπεῖν</em></strong></span> <span class='ocrx_word' id='word_1_20' title='bbox 1623 321 1938 393; x_wconf 79' lang='grc' dir='ltr'><strong><em>ἐθελήσητε,</em></strong></span> 
     </span>
     <span class='ocr_line' id='line_1_4' title="bbox 242 411 1937 481; baseline 0.001 -17"><span class='ocrx_word' id='word_1_21' title='bbox 242 411 449 480; x_wconf 81' lang='grc' dir='ltr'><em>γνοίητ’</em></span> <span class='ocrx_word' id='word_1_22' title='bbox 506 411 576 464; x_wconf 77' lang='grc' dir='ltr'><strong><em>ἂν</em></strong></span> <span class='ocrx_word' id='word_1_23' title='bbox 624 413 696 475; x_wconf 85' lang='grc' dir='ltr'><strong><em>ὡς</em></strong></span> <span class='ocrx_word' id='word_1_24' title='bbox 744 413 906 475; x_wconf 86' lang='grc' dir='ltr'><strong><em>αὐτὸς</em></strong></span> <span class='ocrx_word' id='word_1_25' title='bbox 955 413 983 466; x_wconf 88' lang='grc' dir='ltr'>ὁ</span> <span class='ocrx_word' id='word_1_26' title='bbox 1032 413 1200 481; x_wconf 88' lang='grc' dir='ltr'><strong><em>νόμος</em></strong></span> <span class='ocrx_word' id='word_1_27' title='bbox 1249 412 1307 464; x_wconf 83' lang='grc' dir='ltr'><strong><em>ἐκ</em></strong></span> <span class='ocrx_word' id='word_1_28' title='bbox 1361 414 1484 465; x_wconf 89' lang='grc' dir='ltr'><strong><em>τότε</em></strong></span> <span class='ocrx_word' id='word_1_29' title='bbox 1530 413 1664 478; x_wconf 80' lang='grc' dir='ltr'><strong><em>μετὰ</em></strong></span> <span class='ocrx_word' id='word_1_30' title='bbox 1710 419 1807 466; x_wconf 84' lang='grc' dir='ltr'><strong><em>τοῦ</em></strong></span> <span class='ocrx_word' id='word_1_31' title='bbox 1857 414 1937 466; x_wconf 81' lang='grc' dir='ltr'><strong><em>δι-</em></strong></span> 
     </span>
     <span class='ocr_line' id='line_1_5' title="bbox 242 500 1938 571; baseline 0.001 -18"><span class='ocrx_word' id='word_1_32' title='bbox 242 504 401 554; x_wconf 89' lang='grc' dir='ltr'><strong><em>καιόυ</em></strong></span> <span class='ocrx_word' id='word_1_33' title='bbox 455 509 619 555; x_wconf 83' lang='grc' dir='ltr'><strong><em>τοῦτο</em></strong></span> <span class='ocrx_word' id='word_1_34' title='bbox 674 503 989 570; x_wconf 77' lang='grc' dir='ltr'><strong><em>ψηφίζεται,</em></strong></span> <span class='ocrx_word' id='word_1_35' title='bbox 1054 500 1347 569; x_wconf 81' lang='grc' dir='ltr'><strong><em>ἐξότουπερ</em></strong></span> <span class='ocrx_word' id='word_1_36' title='bbox 1403 501 1435 569; x_wconf 83' lang='grc' dir='ltr'><em>ἡ</em></span> <span class='ocrx_word' id='word_1_37' title='bbox 1491 501 1594 570; x_wconf 81' lang='grc' dir='ltr'><strong><em>μὲν</em></strong></span> <span class='ocrx_word' id='word_1_38' title='bbox 1655 501 1715 553; x_wconf 92' lang='grc' dir='ltr'><strong><em>τὸ</em></strong></span> <span class='ocrx_word' id='word_1_39' title='bbox 1780 501 1938 571; x_wconf 81' lang='grc' dir='ltr'><strong><em>ξίφος</em></strong></span> 
     </span>
     <span class='ocr_line' id='line_1_6' title="bbox 197 586 1937 658; baseline -0.001 -14"><span class='ocrx_word' id='word_1_40' title='bbox 197 612 215 644; x_wconf 83' lang='lat'>5</span> <span class='ocrx_word' id='word_1_41' title='bbox 241 593 597 658; x_wconf 76' lang='grc' dir='ltr'><strong><em>κατήνεγκεν,</em></strong></span> <span class='ocrx_word' id='word_1_42' title='bbox 638 589 667 643; x_wconf 86' lang='grc' dir='ltr'>ὁ</span> <span class='ocrx_word' id='word_1_43' title='bbox 709 587 770 643; x_wconf 76' lang='grc' dir='ltr'><strong><em>δὲ</em></strong></span> <span class='ocrx_word' id='word_1_44' title='bbox 816 591 1089 658; x_wconf 90' lang='grc' dir='ltr'><strong><em>τύραννος</em></strong></span> <span class='ocrx_word' id='word_1_45' title='bbox 1135 587 1384 658; x_wconf 76' lang='grc' dir='ltr'><strong><em>ἔπιπτεν,</em></strong></span> <span class='ocrx_word' id='word_1_46' title='bbox 1424 590 1456 658; x_wconf 83' lang='grc' dir='ltr'><em>ἡ</em></span> <span class='ocrx_word' id='word_1_47' title='bbox 1499 586 1560 643; x_wconf 75' lang='grc' dir='ltr'><strong><em>δὲ</em></strong></span> <span class='ocrx_word' id='word_1_48' title='bbox 1606 592 1766 652; x_wconf 87' lang='grc' dir='ltr'><strong><em>πόλις</em></strong></span> <span class='ocrx_word' id='word_1_49' title='bbox 1803 591 1937 657; x_wconf 81' lang='grc' dir='ltr'><strong><em>μετὰ</em></strong></span> 
     </span>
     <span class='ocr_line' id='line_1_7' title="bbox 241 677 1095 748; baseline 0 -17"><span class='ocrx_word' id='word_1_50' title='bbox 241 677 331 731; x_wconf 85' lang='grc' dir='ltr'><strong><em>καὶ</em></strong></span> <span class='ocrx_word' id='word_1_51' title='bbox 371 688 484 731; x_wconf 84' lang='grc' dir='ltr'><strong><em>τῶν</em></strong></span> <span class='ocrx_word' id='word_1_52' title='bbox 523 681 710 748; x_wconf 86' lang='grc' dir='ltr'><strong><em>νόμων</em></strong></span> <span class='ocrx_word' id='word_1_53' title='bbox 750 679 1095 748; x_wconf 84' lang='grc' dir='ltr'><strong><em>ἀνώρθωται.</em></strong></span> 
     </span>
    </p>

    <p class='ocr_par' dir='ltr' id='par_1_3' title="bbox 240 764 1938 1014">
     <span class='ocr_line' id='line_1_8' title="bbox 352 764 1936 835; baseline 0 -15"><span class='ocrx_word' id='word_1_54' title='bbox 352 770 400 820; x_wconf 84' lang='lat'><strong><em>4.</em></strong></span> <span class='ocrx_word' id='word_1_55' title='bbox 445 764 587 821; x_wconf 80' lang='grc' dir='ltr'><strong><em>Οἶδα</em></strong></span> <span class='ocrx_word' id='word_1_56' title='bbox 624 768 725 835; x_wconf 83' lang='grc' dir='ltr'><strong><em>μὲν</em></strong></span> <span class='ocrx_word' id='word_1_57' title='bbox 765 765 867 821; x_wconf 82' lang='grc' dir='ltr'><strong><em>οὖν</em></strong></span> <span class='ocrx_word' id='word_1_58' title='bbox 906 771 1036 830; x_wconf 83' lang='grc' dir='ltr'><strong><em>τοὺς</em></strong></span> <span class='ocrx_word' id='word_1_59' title='bbox 1074 770 1314 831; x_wconf 86' lang='grc' dir='ltr'><strong><em>πολλοὺς</em></strong></span> <span class='ocrx_word' id='word_1_60' title='bbox 1361 767 1808 835; x_wconf 77' lang='grc' dir='ltr'><strong><em>ἀγανακτοῦντας</em></strong></span> <span class='ocrx_word' id='word_1_61' title='bbox 1845 767 1936 820; x_wconf 84' lang='grc' dir='ltr'><strong><em>καὶ</em></strong></span> 
     </span>
     <span class='ocr_line' id='line_1_9' title="bbox 242 856 1938 926; baseline 0.001 -17"><span class='ocrx_word' id='word_1_62' title='bbox 242 856 378 924; x_wconf 82' lang='grc' dir='ltr'><strong><em>μέγα</em></strong></span> <span class='ocrx_word' id='word_1_63' title='bbox 416 876 469 909; x_wconf 92' lang='grc' dir='ltr'><strong><em>τι</em></strong></span> <span class='ocrx_word' id='word_1_64' title='bbox 508 856 879 925; x_wconf 78' lang='grc' dir='ltr'><strong><em>ποιουμένους</em></strong></span> <span class='ocrx_word' id='word_1_65' title='bbox 920 858 1133 924; x_wconf 79' lang='grc' dir='ltr'><strong><em>δεινόν,</em></strong></span> <span class='ocrx_word' id='word_1_66' title='bbox 1181 858 1230 910; x_wconf 83' lang='grc' dir='ltr'><strong><em>εἰ</em></strong></span> <span class='ocrx_word' id='word_1_67' title='bbox 1269 857 1551 926; x_wconf 88' lang='grc' dir='ltr'><strong><em>τυράννου</em></strong></span> <span class='ocrx_word' id='word_1_68' title='bbox 1591 860 1938 920; x_wconf 84' lang='grc' dir='ltr'><strong><em>πεπτωκότος</em></strong></span> 
     </span>
     <span class='ocr_line' id='line_1_10' title="bbox 240 943 1937 1014; baseline 0.001 -17"><span class='ocrx_word' id='word_1_69' title='bbox 240 946 444 1014; x_wconf 89' lang='grc' dir='ltr'><strong><em>πατρὸς</em></strong></span> <span class='ocrx_word' id='word_1_70' title='bbox 484 947 535 998; x_wconf 85' lang='grc' dir='ltr'><strong><em>οἱ</em></strong></span> <span class='ocrx_word' id='word_1_71' title='bbox 574 947 766 1008; x_wconf 77' lang='grc' dir='ltr'><strong><em>παῖδες</em></strong></span> <span class='ocrx_word' id='word_1_72' title='bbox 804 943 884 998; x_wconf 79' lang='grc' dir='ltr'><strong><em>ἔτι</em></strong></span> <span class='ocrx_word' id='word_1_73' title='bbox 925 953 1064 1013; x_wconf 89' lang='grc' dir='ltr'><strong><em>γοῦν</em></strong></span> <span class='ocrx_word' id='word_1_74' title='bbox 1102 947 1513 1014; x_wconf 80' lang='grc' dir='ltr'><strong><em>περισώζοιντο,</em></strong></span> <span class='ocrx_word' id='word_1_75' title='bbox 1564 945 1671 1013; x_wconf 84' lang='grc' dir='ltr'><strong><em>ἐγὼ</em></strong></span> <span class='ocrx_word' id='word_1_76' title='bbox 1713 943 1773 998; x_wconf 76' lang='grc' dir='ltr'><strong><em>δὲ</em></strong></span> <span class='ocrx_word' id='word_1_77' title='bbox 1812 947 1937 999; x_wconf 88' lang='grc' dir='ltr'><strong><em>τού-</em></strong></span> 
     </span>
    </p>

    <p class='ocr_par' dir='ltr' id='par_1_4' title="bbox 151 1031 1939 2439">
     <span class='ocr_line' id='line_1_11' title="bbox 175 1031 1938 1104; baseline -0.001 -15"><span class='ocrx_word' id='word_1_78' title='bbox 175 1058 218 1089; x_wconf 85' lang='grc' dir='ltr'><strong><em>ιο</em></strong></span> <span class='ocrx_word' id='word_1_79' title='bbox 242 1053 352 1086; x_wconf 88' lang='grc' dir='ltr'><strong><em>των</em></strong></span> <span class='ocrx_word' id='word_1_80' title='bbox 398 1031 501 1102; x_wconf 74' lang='grc' dir='ltr'><strong><em>μὲν</em></strong></span> <span class='ocrx_word' id='word_1_81' title='bbox 546 1034 873 1103; x_wconf 80' lang='grc' dir='ltr'><strong><em>ἀλγούντων</em></strong></span> <span class='ocrx_word' id='word_1_82' title='bbox 921 1033 1044 1104; x_wconf 86' lang='grc' dir='ltr'><strong><em>οὐχὶ</em></strong></span> <span class='ocrx_word' id='word_1_83' title='bbox 1095 1035 1378 1104; x_wconf 81' lang='grc' dir='ltr'><strong><em>θαυμάζω,</em></strong></span> <span class='ocrx_word' id='word_1_84' title='bbox 1432 1037 1494 1088; x_wconf 92' lang='grc' dir='ltr'><strong><em>τὸ</em></strong></span> <span class='ocrx_word' id='word_1_85' title='bbox 1551 1036 1656 1103; x_wconf 82' lang='grc' dir='ltr'><strong><em>γὰρ</em></strong></span> <span class='ocrx_word' id='word_1_86' title='bbox 1712 1033 1800 1087; x_wconf 89' lang='grc' dir='ltr'><strong><em>ε’πὶ</em></strong></span> <span class='ocrx_word' id='word_1_87' title='bbox 1848 1054 1938 1103; x_wconf 90' lang='grc' dir='ltr'><strong><em>με-</em></strong></span> 
     </span>
     <span class='ocr_line' id='line_1_12' title="bbox 241 1122 1939 1194; baseline 0.001 -19"><span class='ocrx_word' id='word_1_88' title='bbox 241 1125 451 1190; x_wconf 86' lang='grc' dir='ltr'><strong><em>γίστοις</em></strong></span> <span class='ocrx_word' id='word_1_89' title='bbox 495 1126 624 1186; x_wconf 86' lang='grc' dir='ltr'><strong><em>τοὺς</em></strong></span> <span class='ocrx_word' id='word_1_90' title='bbox 670 1126 927 1185; x_wconf 85' lang='grc' dir='ltr'><strong><em>τεκόντας</em></strong></span> <span class='ocrx_word' id='word_1_91' title='bbox 975 1132 1159 1192; x_wconf 80' lang='grc' dir='ltr'><strong><em>μισεῖν</em></strong></span> <span class='ocrx_word' id='word_1_92' title='bbox 1212 1122 1302 1176; x_wconf 85' lang='grc' dir='ltr'><strong><em>καὶ</em></strong></span> <span class='ocrx_word' id='word_1_93' title='bbox 1350 1122 1508 1194; x_wconf 85' lang='grc' dir='ltr'><strong><em>μέχρι</em></strong></span> <span class='ocrx_word' id='word_1_94' title='bbox 1563 1133 1674 1176; x_wconf 82' lang='grc' dir='ltr'><strong><em>τῶν</em></strong></span> <span class='ocrx_word' id='word_1_95' title='bbox 1723 1124 1939 1176; x_wconf 83' lang='grc' dir='ltr'><strong><em>παίδων</em></strong></span> 
     </span>
     <span class='ocr_line' id='line_1_13' title="bbox 240 1207 1937 1282; baseline 0.001 -19"><span class='ocrx_word' id='word_1_96' title='bbox 240 1213 342 1280; x_wconf 87' lang='grc' dir='ltr'><strong><em>τὴν</em></strong></span> <span class='ocrx_word' id='word_1_97' title='bbox 388 1207 690 1281; x_wconf 82' lang='grc' dir='ltr'><strong><em>ἀπέχθειαν</em></strong></span> <span class='ocrx_word' id='word_1_98' title='bbox 727 1214 1093 1282; x_wconf 82' lang='grc' dir='ltr'><strong><em>παρεκτείνει,</em></strong></span> <span class='ocrx_word' id='word_1_99' title='bbox 1147 1220 1311 1265; x_wconf 87' lang='grc' dir='ltr'><strong><em>τοῦτο</em></strong></span> <span class='ocrx_word' id='word_1_100' title='bbox 1367 1213 1429 1266; x_wconf 81' lang='grc' dir='ltr'><strong><em>δὲ</em></strong></span> <span class='ocrx_word' id='word_1_101' title='bbox 1482 1211 1574 1266; x_wconf 84' lang='grc' dir='ltr'><strong><em>καὶ</em></strong></span> <span class='ocrx_word' id='word_1_102' title='bbox 1625 1214 1792 1266; x_wconf 90' lang='grc' dir='ltr'><strong><em>πάλαι</em></strong></span> <span class='ocrx_word' id='word_1_103' title='bbox 1838 1220 1937 1266; x_wconf 86' lang='grc' dir='ltr'><strong><em>τοῦ</em></strong></span> 
     </span>
     <span class='ocr_line' id='line_1_14' title="bbox 240 1298 1938 1371; baseline 0.001 -18"><span class='ocrx_word' id='word_1_104' title='bbox 240 1303 548 1370; x_wconf 78' lang='grc' dir='ltr'><strong><em>κατηγόρου</em></strong></span> <span class='ocrx_word' id='word_1_105' title='bbox 589 1300 885 1370; x_wconf 77' lang='grc' dir='ltr'><strong><em>ξυμβαλεῖν</em></strong></span> <span class='ocrx_word' id='word_1_106' title='bbox 926 1301 1028 1354; x_wconf 88' lang='grc' dir='ltr'><strong><em>οὐκ</em></strong></span> <span class='ocrx_word' id='word_1_107' title='bbox 1067 1298 1281 1370; x_wconf 78' lang='grc' dir='ltr'><strong><em>ἔχω,,ει’</em></strong></span> <span class='ocrx_word' id='word_1_108' title='bbox 1317 1311 1429 1354; x_wconf 83' lang='grc' dir='ltr'><strong><em>τῶν</em></strong></span> <span class='ocrx_word' id='word_1_109' title='bbox 1469 1299 1571 1370; x_wconf 74' lang='grc' dir='ltr'><strong><em>μὲν</em></strong></span> <span class='ocrx_word' id='word_1_110' title='bbox 1603 1310 1702 1355; x_wconf 89' lang='grc' dir='ltr'><strong><em>τοῦ</em></strong></span> <span class='ocrx_word' id='word_1_111' title='bbox 1733 1302 1938 1371; x_wconf 86' lang='grc' dir='ltr'><strong><em>πατρὸς</em></strong></span> 
     </span>
     <span class='ocr_line' id='line_1_15' title="bbox 240 1388 1934 1458; baseline 0 -16"><span class='ocrx_word' id='word_1_112' title='bbox 240 1399 425 1442; x_wconf 84' lang='grc' dir='ltr'><strong><em>κακῶν</em></strong></span> <span class='ocrx_word' id='word_1_113' title='bbox 464 1389 629 1442; x_wconf 82' lang='grc' dir='ltr'><strong><em>εἰσέτι</em></strong></span> <span class='ocrx_word' id='word_1_114' title='bbox 668 1408 778 1442; x_wconf 93' lang='grc' dir='ltr'><strong><em>που</em></strong></span> <span class='ocrx_word' id='word_1_115' title='bbox 826 1389 1091 1458; x_wconf 82' lang='grc' dir='ltr'><strong><em>μέμνηται</em></strong></span> <span class='ocrx_word' id='word_1_116' title='bbox 1137 1388 1229 1442; x_wconf 83' lang='grc' dir='ltr'><strong><em>καὶ</em></strong></span> <span class='ocrx_word' id='word_1_117' title='bbox 1277 1391 1396 1443; x_wconf 83' lang='grc' dir='ltr'><strong><em>δεῖν</em></strong></span> <span class='ocrx_word' id='word_1_118' title='bbox 1443 1388 1532 1442; x_wconf 77' lang='grc' dir='ltr'><strong><em>ἐπὶ</em></strong></span> <span class='ocrx_word' id='word_1_119' title='bbox 1578 1391 1797 1453; x_wconf 82' lang='grc' dir='ltr'><strong><em>τούτοις</em></strong></span> <span class='ocrx_word' id='word_1_120' title='bbox 1847 1389 1934 1450; x_wconf 82' lang='grc' dir='ltr'><strong><em>καὶ</em></strong></span> 
     </span>
     <span class='ocr_line' id='line_1_16' title="bbox 176 1476 1938 1549; baseline -0.001 -16"><span class='ocrx_word' id='word_1_121' title='bbox 176 1501 216 1534; x_wconf 85' lang='lat'><strong><em>15</em></strong></span> <span class='ocrx_word' id='word_1_122' title='bbox 241 1481 372 1541; x_wconf 90' lang='grc' dir='ltr'><strong><em>τοὺς</em></strong></span> <span class='ocrx_word' id='word_1_123' title='bbox 418 1480 617 1541; x_wconf 80' lang='grc' dir='ltr'><strong><em>παῖδας</em></strong></span> <span class='ocrx_word' id='word_1_124' title='bbox 666 1479 931 1532; x_wconf 84' lang='grc' dir='ltr'><strong><em>εὐθύνειν</em></strong></span> <span class='ocrx_word' id='word_1_125' title='bbox 978 1478 1411 1548; x_wconf 82' lang='grc' dir='ltr'><strong><em>ἀπισχυρίζεται,</em></strong></span> <span class='ocrx_word' id='word_1_126' title='bbox 1458 1488 1570 1532; x_wconf 83' lang='grc' dir='ltr'><strong><em>τῶν</em></strong></span> <span class='ocrx_word' id='word_1_127' title='bbox 1616 1476 1677 1532; x_wconf 75' lang='grc' dir='ltr'><strong><em>δὲ</em></strong></span> <span class='ocrx_word' id='word_1_128' title='bbox 1724 1487 1819 1549; x_wconf 81' lang='grc' dir='ltr'><strong><em>τῆς</em></strong></span> <span class='ocrx_word' id='word_1_129' title='bbox 1855 1498 1938 1532; x_wconf 89' lang='grc' dir='ltr'><strong><em>τε-</em></strong></span> 
     </span>
     <span class='ocr_line' id='line_1_17' title="bbox 242 1567 1936 1639; baseline 0.001 -20"><span class='ocrx_word' id='word_1_130' title='bbox 242 1569 446 1636; x_wconf 89' lang='grc' dir='ltr'><strong><em>κούσης</em></strong></span> <span class='ocrx_word' id='word_1_131' title='bbox 483 1572 668 1620; x_wconf 86' lang='grc' dir='ltr'><strong><em>καλῶν</em></strong></span> <span class='ocrx_word' id='word_1_132' title='bbox 698 1568 790 1620; x_wconf 83' lang='grc' dir='ltr'><strong><em>καὶ</em></strong></span> <span class='ocrx_word' id='word_1_133' title='bbox 823 1568 968 1630; x_wconf 83' lang='grc' dir='ltr'><strong><em>ὅπως</em></strong></span> <span class='ocrx_word' id='word_1_134' title='bbox 1001 1567 1180 1636; x_wconf 83' lang='grc' dir='ltr'><strong><em>ἐκείνη</em></strong></span> <span class='ocrx_word' id='word_1_135' title='bbox 1212 1569 1313 1636; x_wconf 89' lang='grc' dir='ltr'><strong><em>τὴν</em></strong></span> <span class='ocrx_word' id='word_1_136' title='bbox 1343 1569 1509 1620; x_wconf 91' lang='grc' dir='ltr'><strong><em>πόλιν</em></strong></span> <span class='ocrx_word' id='word_1_137' title='bbox 1541 1568 1648 1621; x_wconf 86' lang='grc' dir='ltr'><strong><em>ὑπὸ</em></strong></span> <span class='ocrx_word' id='word_1_138' title='bbox 1681 1570 1936 1639; x_wconf 77' lang='grc' dir='ltr'><strong><em>τυράννῳ</em></strong></span> 
     </span>
     <span class='ocr_line' id='line_1_18' title="bbox 241 1649 1937 1726; baseline 0 -17"><span class='ocrx_word' id='word_1_139' title='bbox 241 1649 497 1726; x_wconf 82' lang='grc' dir='ltr'><strong><em>κειμένην</em></strong></span> <span class='ocrx_word' id='word_1_140' title='bbox 536 1657 855 1726; x_wconf 84' lang='grc' dir='ltr'><strong><em>ἀνώρθωσε,</em></strong></span> <span class='ocrx_word' id='word_1_141' title='bbox 894 1665 1065 1710; x_wconf 86' lang='grc' dir='ltr'><strong><em>ταῦτα</em></strong></span> <span class='ocrx_word' id='word_1_142' title='bbox 1105 1654 1165 1709; x_wconf 75' lang='grc' dir='ltr'><strong><em>δὲ</em></strong></span> <span class='ocrx_word' id='word_1_143' title='bbox 1205 1656 1328 1710; x_wconf 79' lang='grc' dir='ltr'><strong><em>οὐδ’</em></strong></span> <span class='ocrx_word' id='word_1_144' title='bbox 1370 1658 1448 1720; x_wconf 85' lang='grc' dir='ltr'><strong><em>εἰς</em></strong></span> <span class='ocrx_word' id='word_1_145' title='bbox 1488 1665 1627 1709; x_wconf 83' lang='grc' dir='ltr'><strong><em>νοῦν</em></strong></span> <span class='ocrx_word' id='word_1_146' title='bbox 1666 1659 1727 1710; x_wconf 92' lang='grc' dir='ltr'><strong><em>τὸ</em></strong></span> <span class='ocrx_word' id='word_1_147' title='bbox 1767 1658 1937 1726; x_wconf 90' lang='grc' dir='ltr'><strong><em>παρά-</em></strong></span> 
     </span>
     <span class='ocr_line' id='line_1_19' title="bbox 241 1741 1938 1814; baseline 0 -16"><span class='ocrx_word' id='word_1_148' title='bbox 241 1763 352 1798; x_wconf 90' lang='grc' dir='ltr'><strong><em>παν</em></strong></span> <span class='ocrx_word' id='word_1_149' title='bbox 395 1745 423 1799; x_wconf 88' lang='grc' dir='ltr'>ὁ</span> <span class='ocrx_word' id='word_1_150' title='bbox 471 1745 753 1813; x_wconf 82' lang='grc' dir='ltr'><strong><em>βέλτιστος</em></strong></span> <span class='ocrx_word' id='word_1_151' title='bbox 799 1741 963 1808; x_wconf 82' lang='grc' dir='ltr'><strong><em>οὗτος</em></strong></span> <span class='ocrx_word' id='word_1_152' title='bbox 1008 1747 1280 1813; x_wconf 77' lang='grc' dir='ltr'><strong><em>βάλλεται.</em></strong></span> <span class='ocrx_word' id='word_1_153' title='bbox 1344 1748 1520 1798; x_wconf 84' lang='grc' dir='ltr'><strong><em>καίτοι</em></strong></span> <span class='ocrx_word' id='word_1_154' title='bbox 1576 1765 1638 1814; x_wconf 89' lang='grc' dir='ltr'><strong><em>γε</em></strong></span> <span class='ocrx_word' id='word_1_155' title='bbox 1693 1754 1800 1799; x_wconf 87' lang='grc' dir='ltr'><strong><em>ποῦ</em></strong></span> <span class='ocrx_word' id='word_1_156' title='bbox 1857 1747 1938 1798; x_wconf 79' lang='grc' dir='ltr'><strong><em>δι’-</em></strong></span> 
     </span>
     <span class='ocr_line' id='line_1_20' title="bbox 151 1833 1936 1904; baseline 0.003 -23"><span class='ocrx_word' id='word_1_157' title='bbox 151 1839 271 1883; x_wconf 85' lang='lat' dir='ltr'><strong><em>RIV</em></strong></span> <span class='ocrx_word' id='word_1_158' title='bbox 289 1844 371 1882; x_wconf 88' lang='lat'><strong><em>801</em></strong></span> <span class='ocrx_word' id='word_1_159' title='bbox 420 1854 581 1887; x_wconf 90' lang='grc' dir='ltr'><strong><em>καιον</em></strong></span> <span class='ocrx_word' id='word_1_160' title='bbox 641 1835 780 1903; x_wconf 81' lang='grc' dir='ltr'><strong><em>ὑπὲρ</em></strong></span> <span class='ocrx_word' id='word_1_161' title='bbox 834 1833 936 1904; x_wconf 70' lang='grc' dir='ltr'><strong><em>μὲν</em></strong></span> <span class='ocrx_word' id='word_1_162' title='bbox 990 1844 1101 1887; x_wconf 83' lang='grc' dir='ltr'><strong><em>τῶν</em></strong></span> <span class='ocrx_word' id='word_1_163' title='bbox 1154 1842 1253 1887; x_wconf 88' lang='grc' dir='ltr'><strong><em>τοῦ</em></strong></span> <span class='ocrx_word' id='word_1_164' title='bbox 1311 1835 1515 1903; x_wconf 88' lang='grc' dir='ltr'><strong><em>πατρὸς</em></strong></span> <span class='ocrx_word' id='word_1_165' title='bbox 1549 1835 1555 1902; x_wconf 79' lang='grc' dir='ltr'>Ι</span> <span class='ocrx_word' id='word_1_166' title='bbox 1593 1836 1792 1887; x_wconf 80' lang='grc' dir='ltr'><strong><em>δεινῶν</em></strong></span> <span class='ocrx_word' id='word_1_167' title='bbox 1844 1833 1936 1887; x_wconf 83' lang='grc' dir='ltr'><strong><em>καὶ</em></strong></span> 
     </span>
     <span class='ocr_line' id='line_1_21' title="bbox 174 1920 1936 1992; baseline -0.002 -13"><span class='ocrx_word' id='word_1_168' title='bbox 174 1948 217 1979; x_wconf 76' lang='lat'><strong><em>20</em></strong></span> <span class='ocrx_word' id='word_1_169' title='bbox 241 1925 371 1985; x_wconf 86' lang='grc' dir='ltr'><strong><em>τοὺς</em></strong></span> <span class='ocrx_word' id='word_1_170' title='bbox 408 1924 608 1986; x_wconf 81' lang='grc' dir='ltr'><strong><em>παῖδας</em></strong></span> <span class='ocrx_word' id='word_1_171' title='bbox 645 1932 829 1992; x_wconf 89' lang='grc' dir='ltr'><strong><em>μισεῖν</em></strong></span> <span class='ocrx_word' id='word_1_172' title='bbox 870 1924 941 1986; x_wconf 85' lang='grc' dir='ltr'><strong><em>ὡς</em></strong></span> <span class='ocrx_word' id='word_1_173' title='bbox 979 1923 1403 1991; x_wconf 80' lang='grc' dir='ltr'><strong><em>ἀποκτιννύναι,</em></strong></span> <span class='ocrx_word' id='word_1_174' title='bbox 1455 1932 1566 1975; x_wconf 83' lang='grc' dir='ltr'><strong><em>τῶν</em></strong></span> <span class='ocrx_word' id='word_1_175' title='bbox 1606 1920 1668 1976; x_wconf 73' lang='grc' dir='ltr'><strong><em>δὲ</em></strong></span> <span class='ocrx_word' id='word_1_176' title='bbox 1705 1931 1800 1992; x_wconf 83' lang='grc' dir='ltr'><strong><em>τῆς</em></strong></span> <span class='ocrx_word' id='word_1_177' title='bbox 1838 1944 1936 1992; x_wconf 89' lang='grc' dir='ltr'><strong><em>μη-</em></strong></span> 
     </span>
     <span class='ocr_line' id='line_1_22' title="bbox 241 2012 1935 2081; baseline 0.001 -17"><span class='ocrx_word' id='word_1_178' title='bbox 241 2014 369 2077; x_wconf 87' lang='grc' dir='ltr'><strong><em>τρὸς</em></strong></span> <span class='ocrx_word' id='word_1_179' title='bbox 416 2012 649 2080; x_wconf 81' lang='grc' dir='ltr'><strong><em>ἀγαθῶν</em></strong></span> <span class='ocrx_word' id='word_1_180' title='bbox 696 2013 895 2066; x_wconf 83' lang='grc' dir='ltr'><strong><em>οὕνεκα</em></strong></span> <span class='ocrx_word' id='word_1_181' title='bbox 942 2013 1014 2081; x_wconf 85' lang='grc' dir='ltr'><strong><em>μὴ</em></strong></span> <span class='ocrx_word' id='word_1_182' title='bbox 1055 2015 1185 2075; x_wconf 88' lang='grc' dir='ltr'><strong><em>τοὺς</em></strong></span> <span class='ocrx_word' id='word_1_183' title='bbox 1236 2012 1438 2074; x_wconf 84' lang='grc' dir='ltr'><strong><em>αὐτοὺς</em></strong></span> <span class='ocrx_word' id='word_1_184' title='bbox 1485 2013 1823 2080; x_wconf 80' lang='grc' dir='ltr'><strong><em>περισώζειν,</em></strong></span> <span class='ocrx_word' id='word_1_185' title='bbox 1865 2013 1935 2075; x_wconf 83' lang='grc' dir='ltr'><strong><em>ὡς</em></strong></span> 
     </span>
     <span class='ocr_line' id='line_1_23' title="bbox 242 2093 1935 2169; baseline 0.001 -17"><span class='ocrx_word' id='word_1_186' title='bbox 242 2093 366 2153; x_wconf 85' lang='grc' dir='ltr'><strong><em>οἷόν</em></strong></span> <span class='ocrx_word' id='word_1_187' title='bbox 403 2120 484 2166; x_wconf 71' lang='grc' dir='ltr'><strong><em>τες</em></strong></span> <span class='ocrx_word' id='word_1_188' title='bbox 523 2100 571 2154; x_wconf 84' lang='grc'><strong><em>5.</em></strong></span> <span class='ocrx_word' id='word_1_189' title='bbox 613 2103 664 2153; x_wconf 80' lang='grc' dir='ltr'><strong><em>εἰ</em></strong></span> <span class='ocrx_word' id='word_1_190' title='bbox 700 2098 802 2167; x_wconf 75' lang='grc' dir='ltr'><strong><em>μὲν</em></strong></span> <span class='ocrx_word' id='word_1_191' title='bbox 843 2097 947 2154; x_wconf 83' lang='grc' dir='ltr'><strong><em>οὖν</em></strong></span> <span class='ocrx_word' id='word_1_192' title='bbox 987 2100 1054 2154; x_wconf 83' lang='grc' dir='ltr'><strong><em>οὐ</em></strong></span> <span class='ocrx_word' id='word_1_193' title='bbox 1094 2100 1243 2169; x_wconf 84' lang='grc' dir='ltr'><strong><em>κάγὼ</em></strong></span> <span class='ocrx_word' id='word_1_194' title='bbox 1283 2109 1375 2169; x_wconf 82' lang='grc' dir='ltr'><strong><em>τῆς</em></strong></span> <span class='ocrx_word' id='word_1_195' title='bbox 1417 2100 1582 2169; x_wconf 83' lang='grc' dir='ltr'><strong><em>αὐτῆς</em></strong></span> <span class='ocrx_word' id='word_1_196' title='bbox 1621 2102 1828 2163; x_wconf 86' lang='grc' dir='ltr'><strong><em>πόλεως</em></strong></span> <span class='ocrx_word' id='word_1_197' title='bbox 1864 2097 1935 2168; x_wconf 77' lang='grc' dir='ltr'><strong><em>ἦν</em></strong></span> 
     </span>
     <span class='ocr_line' id='line_1_24' title="bbox 243 2186 1934 2259; baseline 0.001 -18"><span class='ocrx_word' id='word_1_198' title='bbox 243 2186 362 2241; x_wconf 81' lang='grc' dir='ltr'><strong><em>οὐδ’</em></strong></span> <span class='ocrx_word' id='word_1_199' title='bbox 409 2189 517 2242; x_wconf 88' lang='grc' dir='ltr'><strong><em>ὑπὸ</em></strong></span> <span class='ocrx_word' id='word_1_200' title='bbox 558 2197 674 2252; x_wconf 85' lang='grc' dir='ltr'><strong><em>τοῖς</em></strong></span> <span class='ocrx_word' id='word_1_201' title='bbox 721 2190 905 2251; x_wconf 86' lang='grc' dir='ltr'><strong><em>αὐτοῖς</em></strong></span> <span class='ocrx_word' id='word_1_202' title='bbox 952 2189 1199 2258; x_wconf 80' lang='grc' dir='ltr'><strong><em>ἀρχῆθεν</em></strong></span> <span class='ocrx_word' id='word_1_203' title='bbox 1247 2188 1559 2259; x_wconf 83' lang='grc' dir='ltr'><strong><em>ἐτρεφόμην</em></strong></span> <span class='ocrx_word' id='word_1_204' title='bbox 1606 2192 1799 2257; x_wconf 85' lang='grc' dir='ltr'><strong><em>νόμοις</em></strong></span> <span class='ocrx_word' id='word_1_205' title='bbox 1845 2190 1934 2243; x_wconf 80' lang='grc' dir='ltr'><strong><em>καὶ</em></strong></span> 
     </span>
     <span class='ocr_line' id='line_1_25' title="bbox 241 2274 1935 2347; baseline 0.001 -18"><span class='ocrx_word' id='word_1_206' title='bbox 241 2285 336 2345; x_wconf 83' lang='grc' dir='ltr'><strong><em>τῆς</em></strong></span> <span class='ocrx_word' id='word_1_207' title='bbox 375 2277 539 2344; x_wconf 77' lang='grc' dir='ltr'><strong><em>αὐτῆς</em></strong></span> <span class='ocrx_word' id='word_1_208' title='bbox 585 2288 834 2347; x_wconf 84' lang='grc' dir='ltr'><strong><em>μετεῖχον</em></strong></span> <span class='ocrx_word' id='word_1_209' title='bbox 878 2282 1155 2340; x_wconf 85' lang='grc' dir='ltr'><strong><em>πολιτείας</em></strong></span> <span class='ocrx_word' id='word_1_210' title='bbox 1202 2274 1373 2345; x_wconf 80' lang='grc' dir='ltr'><strong><em>ἧσπερ</em></strong></span> <span class='ocrx_word' id='word_1_211' title='bbox 1421 2276 1511 2330; x_wconf 84' lang='grc' dir='ltr'><strong><em>καὶ</em></strong></span> <span class='ocrx_word' id='word_1_212' title='bbox 1555 2279 1768 2331; x_wconf 88' lang='grc' dir='ltr'><strong><em>τούτων</em></strong></span> <span class='ocrx_word' id='word_1_213' title='bbox 1815 2277 1935 2331; x_wconf 81' lang='grc' dir='ltr'><strong><em>ἕκα-</em></strong></span> 
     </span>
     <span class='ocr_line' id='line_1_26' title="bbox 176 2365 1934 2439; baseline -0.001 -20"><span class='ocrx_word' id='word_1_214' title='bbox 176 2387 219 2419; x_wconf 75' lang='lat'><strong><em>25</em></strong></span> <span class='ocrx_word' id='word_1_215' title='bbox 245 2380 387 2434; x_wconf 88' lang='grc' dir='ltr'><strong><em>στος,</em></strong></span> <span class='ocrx_word' id='word_1_216' title='bbox 427 2365 459 2434; x_wconf 78' lang='grc' dir='ltr'>ἢ</span> <span class='ocrx_word' id='word_1_217' title='bbox 500 2365 589 2418; x_wconf 84' lang='grc' dir='ltr'><strong><em>καὶ</em></strong></span> <span class='ocrx_word' id='word_1_218' title='bbox 623 2373 715 2433; x_wconf 81' lang='grc' dir='ltr'><strong><em>τῆς</em></strong></span> <span class='ocrx_word' id='word_1_219' title='bbox 747 2367 915 2434; x_wconf 86' lang='grc' dir='ltr'><strong><em>αὐτῆς</em></strong></span> <span class='ocrx_word' id='word_1_220' title='bbox 946 2365 1026 2418; x_wconf 82' lang='grc' dir='ltr'><strong><em>ὢν</em></strong></span> <span class='ocrx_word' id='word_1_221' title='bbox 1057 2369 1225 2435; x_wconf 90' lang='grc' dir='ltr'><strong><em>μόνος</em></strong></span> <span class='ocrx_word' id='word_1_222' title='bbox 1258 2366 1422 2428; x_wconf 88' lang='grc' dir='ltr'><strong><em>αὐτὸς</em></strong></span> <span class='ocrx_word' id='word_1_223' title='bbox 1461 2376 1573 2418; x_wconf 84' lang='grc' dir='ltr'><strong><em>τῶν</em></strong></span> <span class='ocrx_word' id='word_1_224' title='bbox 1614 2366 1670 2418; x_wconf 85' lang='grc' dir='ltr'><strong><em>ἐκ</em></strong></span> <span class='ocrx_word' id='word_1_225' title='bbox 1709 2373 1803 2434; x_wconf 83' lang='grc' dir='ltr'><strong><em>τῆς</em></strong></span> <span class='ocrx_word' id='word_1_226' title='bbox 1841 2386 1934 2439; x_wconf 82' lang='grc' dir='ltr'><strong><em>τυ-</em></strong></span> 
     </span>
    </p>
   </div>
   <div class='ocr_carea' id='block_1_3' title="bbox 242 2555 1933 2966">
    <p class='ocr_par' dir='ltr' id='par_1_5' title="bbox 242 2555 1933 2966">
     <span class='ocr_line' id='line_1_27' title="bbox 362 2555 1931 2610; baseline 0.001 -13"><span class='ocrx_word' id='word_1_227' title='bbox 362 2559 387 2597; x_wconf 87' lang='grc'><strong>3</strong></span> <span class='ocrx_word' id='word_1_228' title='bbox 429 2555 478 2600; x_wconf 76' lang='grc' dir='ltr'><strong><em>ἔκ</em></strong></span> <span class='ocrx_word' id='word_1_229' title='bbox 509 2571 611 2599; x_wconf 88' lang='grc' dir='ltr'><strong><em>τοτε</em></strong></span> <span class='ocrx_word' id='word_1_230' title='bbox 637 2556 880 2600; x_wconf 77' lang='lat' dir='ltr'><em>MaGlVat</em></span> <span class='ocrx_word' id='word_1_231' title='bbox 910 2556 978 2598; x_wconf 76' lang='lat' dir='ltr'><strong><em>Re</em></strong></span> <span class='ocrx_word' id='word_1_232' title='bbox 1055 2556 1207 2600; x_wconf 76' lang='grc' dir='ltr'><strong><em>ἔκτοτε</em></strong></span> <span class='ocrx_word' id='word_1_233' title='bbox 1234 2557 1413 2600; x_wconf 80' lang='lat' dir='ltr'><em>MoMu</em></span> <span class='ocrx_word' id='word_1_234' title='bbox 1453 2555 1510 2598; x_wconf 85' lang='lat' dir='ltr'><strong><em>cf.</em></strong></span> <span class='ocrx_word' id='word_1_235' title='bbox 1544 2555 1730 2598; x_wconf 85' lang='lat' dir='ltr'>Lobeck</span> <span class='ocrx_word' id='word_1_236' title='bbox 1762 2555 1931 2610; x_wconf 86' lang='lat' dir='ltr'><strong>Phryn.</strong></span> 
     </span>
     <span class='ocr_line' id='line_1_28' title="bbox 243 2612 1808 2669; baseline 0.001 -13"><span class='ocrx_word' id='word_1_237' title='bbox 243 2629 288 2669; x_wconf 89' lang='lat' dir='ltr'><strong><em>p.</em></strong></span> <span class='ocrx_word' id='word_1_238' title='bbox 314 2618 371 2656; x_wconf 88' lang='grc'><strong><em>46</em></strong></span> <span class='ocrx_word' id='word_1_239' title='bbox 508 2620 534 2657; x_wconf 84' lang='grc'>5</span> <span class='ocrx_word' id='word_1_240' title='bbox 568 2613 591 2657; x_wconf 87' lang='grc' dir='ltr'><strong><em>ὁ</em></strong></span> <span class='ocrx_word' id='word_1_241' title='bbox 625 2612 669 2657; x_wconf 83' lang='grc' dir='ltr'><strong><em>δ’</em></strong></span> <span class='ocrx_word' id='word_1_242' title='bbox 709 2614 732 2658; x_wconf 91' lang='grc' dir='ltr'>ὁ</span> <span class='ocrx_word' id='word_1_243' title='bbox 765 2614 994 2669; x_wconf 84' lang='grc' dir='ltr'><strong><em>τύραννος</em></strong></span> <span class='ocrx_word' id='word_1_244' title='bbox 1018 2616 1263 2660; x_wconf 80' lang='lat' dir='ltr'><em>MaOlVat</em></span> <span class='ocrx_word' id='word_1_245' title='bbox 1395 2619 1421 2658; x_wconf 90' lang='grc'>8</span> <span class='ocrx_word' id='word_1_246' title='bbox 1454 2613 1728 2658; x_wconf 79' lang='grc' dir='ltr'><strong><em>πεπτωκότα</em></strong></span> <span class='ocrx_word' id='word_1_247' title='bbox 1755 2615 1808 2658; x_wconf 80' lang='lat' dir='ltr'><strong><em>Ol</em></strong></span> 
     </span>
     <span class='ocr_line' id='line_1_29' title="bbox 246 2671 1932 2729; baseline 0 -13"><span class='ocrx_word' id='word_1_248' title='bbox 246 2678 299 2716; x_wconf 82' lang='lat'><strong><em>12</em></strong></span> <span class='ocrx_word' id='word_1_249' title='bbox 332 2671 620 2727; x_wconf 82' lang='grc' dir='ltr'><strong><em>παρεκτείνει</em></strong></span> <span class='ocrx_word' id='word_1_250' title='bbox 659 2673 823 2729; x_wconf 81' lang='lat' dir='ltr'><strong>scripsi</strong></span> <span class='ocrx_word' id='word_1_251' title='bbox 863 2688 967 2717; x_wconf 82' lang='lat' dir='ltr'><strong><em>cum</em></strong></span> <span class='ocrx_word' id='word_1_252' title='bbox 998 2673 1208 2717; x_wconf 81' lang='lat' dir='ltr'>Iacobsio</span> <span class='ocrx_word' id='word_1_253' title='bbox 1241 2673 1341 2716; x_wconf 74' lang='lat' dir='ltr'><strong><em>Aah</em></strong></span> <span class='ocrx_word' id='word_1_254' title='bbox 1372 2672 1409 2715; x_wconf 89' lang='lat' dir='ltr'>T</span> <span class='ocrx_word' id='word_1_255' title='bbox 1443 2677 1528 2716; x_wconf 88' lang='lat'><strong><em>810</em></strong></span> <span class='ocrx_word' id='word_1_256' title='bbox 1563 2673 1703 2716; x_wconf 84' lang='lat' dir='ltr'><strong>Schul</strong></span> <span class='ocrx_word' id='word_1_257' title='bbox 1789 2688 1932 2727; x_wconf 83' lang='grc' dir='ltr'><strong><em>παρε-</em></strong></span> 
     </span>
     <span class='ocr_line' id='line_1_30' title="bbox 242 2729 1932 2788; baseline 0 -14"><span class='ocrx_word' id='word_1_258' title='bbox 242 2729 382 2775; x_wconf 84' lang='grc' dir='ltr'><strong><em>τείνει</em></strong></span> <span class='ocrx_word' id='word_1_259' title='bbox 414 2733 588 2776; x_wconf 86' lang='lat' dir='ltr'><em>VatMo</em></span> <span class='ocrx_word' id='word_1_260' title='bbox 649 2731 918 2788; x_wconf 84' lang='grc' dir='ltr'><strong><em>παρατείνει</em></strong></span> <span class='ocrx_word' id='word_1_261' title='bbox 947 2733 1184 2778; x_wconf 76' lang='grc' dir='ltr'><strong><em>ΜαΟΖΜα</em></strong></span> <span class='ocrx_word' id='word_1_262' title='bbox 1243 2729 1534 2785; x_wconf 85' lang='grc' dir='ltr'><strong><em>παρετείνειν</em></strong></span> <span class='ocrx_word' id='word_1_263' title='bbox 1567 2732 1634 2774; x_wconf 81' lang='lat' dir='ltr'><strong><em>Re</em></strong></span> <span class='ocrx_word' id='word_1_264' title='bbox 1765 2735 1819 2774; x_wconf 79' lang='lat'><strong><em>14</em></strong></span> <span class='ocrx_word' id='word_1_265' title='bbox 1850 2747 1932 2775; x_wconf 84' lang='grc' dir='ltr'><strong><em>κα-</em></strong></span> 
     </span>
     <span class='ocr_line' id='line_1_31' title="bbox 244 2791 1933 2846; baseline 0 -13"><span class='ocrx_word' id='word_1_266' title='bbox 244 2797 338 2833; x_wconf 82' lang='grc' dir='ltr'><strong><em>κῶν</em></strong></span> <span class='ocrx_word' id='word_1_267' title='bbox 369 2791 419 2833; x_wconf 89' lang='lat' dir='ltr'><strong><em>in</em></strong></span> <span class='ocrx_word' id='word_1_268' title='bbox 449 2804 525 2835; x_wconf 81' lang='lat' dir='ltr'><strong><em>ras</em></strong></span> <span class='ocrx_word' id='word_1_269' title='bbox 551 2791 663 2835; x_wconf 84' lang='lat' dir='ltr'><strong><em>Ma²</em></strong></span> <span class='ocrx_word' id='word_1_270' title='bbox 807 2796 859 2834; x_wconf 78' lang='lat'><strong><em>17</em></strong></span> <span class='ocrx_word' id='word_1_271' title='bbox 892 2791 1174 2846; x_wconf 78' lang='grc' dir='ltr'><strong><em>τοπαράπαν</em></strong></span> <span class='ocrx_word' id='word_1_272' title='bbox 1199 2791 1377 2835; x_wconf 81' lang='grc' dir='ltr'><strong><em>ΜοΜιι</em></strong></span> <span class='ocrx_word' id='word_1_273' title='bbox 1522 2795 1575 2834; x_wconf 92' lang='grc'><strong><em>18</em></strong></span> <span class='ocrx_word' id='word_1_274' title='bbox 1617 2804 1796 2834; x_wconf 81' lang='lat' dir='ltr'>comma</span> <span class='ocrx_word' id='word_1_275' title='bbox 1826 2792 1933 2845; x_wconf 69' lang='lat' dir='ltr'>posb</span> 
     </span>
     <span class='ocr_line' id='line_1_32' title="bbox 246 2847 1926 2907; baseline 0.001 -16"><span class='ocrx_word' id='word_1_276' title='bbox 246 2847 430 2893; x_wconf 82' lang='grc' dir='ltr'><strong><em>δίκαιον</em></strong></span> <span class='ocrx_word' id='word_1_277' title='bbox 454 2851 554 2905; x_wconf 88' lang='lat' dir='ltr'><strong><em>Mo,</em></strong></span> <span class='ocrx_word' id='word_1_278' title='bbox 631 2851 816 2907; x_wconf 81' lang='lat' dir='ltr'>signum</span> <span class='ocrx_word' id='word_1_279' title='bbox 854 2850 1234 2907; x_wconf 71' lang='lat' dir='ltr'>interrogationis</span> <span class='ocrx_word' id='word_1_280' title='bbox 1272 2850 1337 2893; x_wconf 81' lang='lat' dir='ltr'><strong><em>Re</em></strong></span> <span class='ocrx_word' id='word_1_281' title='bbox 1483 2853 1536 2892; x_wconf 88' lang='lat'><strong><em>19</em></strong></span> <span class='ocrx_word' id='word_1_282' title='bbox 1569 2858 1661 2893; x_wconf 86' lang='grc' dir='ltr'><strong><em>τῶν</em></strong></span> <span class='ocrx_word' id='word_1_283' title='bbox 1692 2863 1767 2893; x_wconf 90' lang='lat' dir='ltr'><strong><em>om</em></strong></span> <span class='ocrx_word' id='word_1_284' title='bbox 1801 2850 1889 2892; x_wconf 83' lang='lat' dir='ltr'><strong><em>Vat</em></strong></span> <span class='ocrx_word' id='word_1_285' title='bbox 1921 2849 1926 2906; x_wconf 74' lang='lat' dir='ltr'>J</span> 
     </span>
     <span class='ocr_line' id='line_1_33' title="bbox 245 2908 1931 2966; baseline 0 -15"><span class='ocrx_word' id='word_1_286' title='bbox 245 2910 412 2952; x_wconf 77' lang='grc' dir='ltr'><strong><em>δεινῶν</em></strong></span> <span class='ocrx_word' id='word_1_287' title='bbox 444 2922 520 2952; x_wconf 88' lang='lat' dir='ltr'><strong><em>om</em></strong></span> <span class='ocrx_word' id='word_1_288' title='bbox 550 2910 636 2952; x_wconf 88' lang='lat' dir='ltr'><strong><em>Ma</em></strong></span> <span class='ocrx_word' id='word_1_289' title='bbox 755 2914 810 2952; x_wconf 78' lang='lat'><strong><em>22</em></strong></span> <span class='ocrx_word' id='word_1_290' title='bbox 843 2909 928 2953; x_wconf 83' lang='grc' dir='ltr'><strong><em>οὐκ</em></strong></span> <span class='ocrx_word' id='word_1_291' title='bbox 961 2909 1046 2966; x_wconf 82' lang='grc' dir='ltr'><strong><em>ἐγὼ</em></strong></span> <span class='ocrx_word' id='word_1_292' title='bbox 1072 2911 1162 2953; x_wconf 87' lang='lat' dir='ltr'><strong><em>Ma</em></strong></span> <span class='ocrx_word' id='word_1_293' title='bbox 1224 2909 1308 2952; x_wconf 84' lang='grc' dir='ltr'><strong><em>οὐκ</em></strong></span> <span class='ocrx_word' id='word_1_294' title='bbox 1339 2909 1436 2964; x_wconf 81' lang='grc' dir='ltr'><strong><em>ἀγὼ</em></strong></span> <span class='ocrx_word' id='word_1_295' title='bbox 1465 2910 1555 2952; x_wconf 75' lang='lat' dir='ltr'><strong><em>Mu</em></strong></span> <span class='ocrx_word' id='word_1_296' title='bbox 1613 2908 1700 2952; x_wconf 78' lang='grc' dir='ltr'><strong><em>οὐκ</em></strong></span> <span class='ocrx_word' id='word_1_297' title='bbox 1732 2908 1827 2964; x_wconf 80' lang='grc' dir='ltr'><strong><em>αγὼ</em></strong></span> <span class='ocrx_word' id='word_1_298' title='bbox 1847 2909 1931 2951; x_wconf 89' lang='lat' dir='ltr'><strong><em>Mo</em></strong></span> 
     </span>
    </p>
   </div>
  </div>
 </body>
</html>
