2014 3158
213 162 319 214 646
620 160 885 219 [LIBANII]
916 159 1306 204 DECLAMATIO
1340 159 1481 204 XLIX

210 302 465 350 Morello
497 301 604 351 Lib.
639 318 751 364 opp.
786 304 819 350 t.
845 302 870 348 I
901 318 947 363 p.
976 301 1267 349 912—-938
1303 294 1397 364 (=
1422 294 1577 366 Mor),
1621 301 1699 349 cui
1737 302 1904 350 textus

209 376 594 424 fundamentum
641 376 792 424 codex
840 375 1046 424 alterius
1094 374 1314 422 familiae
1361 374 1603 437 praebuit.
1667 374 1822 432 Quem
1862 377 1904 423 si

210 466 308 498 non
332 451 496 512 ipsum
513 452 580 498 Μ
585 444 645 516 l)‚
670 452 799 498 certe
823 449 1038 498 codicem
1063 449 1283 511 proxime
1308 448 1370 497 ab
1393 449 1486 497 hoc
1511 450 1725 496 s'cantem
1748 450 1902 498 fuisse

211 525 479 588 singularis
512 524 778 572 lectionum
818 523 1159 586 imprimisque
1195 523 1430 571 vitiorum
1463 538 1724 571 consensus
1757 523 1901 572 docu-

208 600 376 646 mento
418 601 505 647 est.
570 598 667 646 Sed
699 600 850 646 etiam
889 598 1043 645 alium
1082 597 1299 646 codicem
1340 597 1427 659 qui
1463 597 1642 659 prioris
1681 598 1902 646 familiae

210 673 306 720 fuit
338 673 399 720 ab
433 689 488 721 eo
521 673 573 720 in
605 673 878 722 subsidium
909 673 1141 720 vocatum
1173 687 1276 719 esse
1301 687 1326 719 e
1354 671 1651 734 quibusdam
1680 672 1902 721 lectioni-

208 747 300 794 bus
335 763 457 809 quas
482 748 562 795 vel
593 747 646 795 in
677 749 818 794 textu
848 748 927 795 vel
957 745 1228 809 praemisso
1260 765 1318 811 γρ
1351 746 1403 792 in
1430 747 1649 810 margine
1681 739 1902 814 posuit2)

210 822 383 869 elucet.
421 821 678 870 Permulta
716 821 862 869 huius
903 821 1136 868 editionis
1176 821 1301 868 vitia
1333 836 1444 869 cum
1476 836 1534 868 ex
1564 820 1763 884 ingenio
1793 823 1901 869 tum

210 911 301 957 ope
340 895 549 944 duorum
576 895 800 944 codicum
831 894 1011 958 prioris
1036 893 1272 956 familiae,
1305 895 1535 943 Bavarici
1558 895 1610 942 id
1634 896 1708 943 esi:
1731 894 1899 943 Mona-

209 971 364 1018 censis
389 987 460 1033 gr.
490 971 555 1018 96
584 973 633 1018 et
657 968 1118 1030 Wolfenbuttelani‚
1151 969 1348 1017 sanavit
1378 969 1660 1018 Reiskius
1686 963 1779 1035 (=
1805 963 1900 1035 Re)

207 1047 243 1091 t.
267 1044 339 1092 IV
370 1061 417 1106 p.
447 1046 751 1093 739—770.

320 1117 486 1166 Pauca
520 1118 580 1166 ad
619 1121 811 1167 textum
851 1119 1195 1182 corrigendum
1228 1117 1546 1166 contulerunt
1576 1117 1662 1165 Fr.
1695 1116 1900 1165 Iacob-

209 1192 332 1240 sius
366 1208 476 1240 cum
509 1192 630 1241 alibi
662 1196 768 1241 bum
801 1188 1129 1242 ‘Lectionum’
1143 1186 1186 1257 3)
1225 1191 1351 1239 libro
1385 1193 1435 1240 et
1467 1190 1738 1240 Cobetus.
1794 1192 1900 1255 Ego

133 1285 136 1287 >
210 1267 362 1314 etiam
394 1266 554 1331 magis
588 1283 735 1329 quam
770 1267 1000 1316 Reiskius
1031 1266 1328 1315 lectionibus
1360 1265 1538 1327 prioris
1571 1265 1790 1313 familiae
1821 1265 1900 1314 ius

211 1356 353 1389 suum
383 1341 686 1389 reddendum
715 1341 899 1390 curavi.

332 1499 373 1552 1)
407 1496 472 1541 Cf.
508 1510 649 1554 supra
680 1512 724 1553 p.
754 1500 820 1540 78.
858 1500 957 1540 184.
991 1501 1090 1540 206.
1125 1501 1224 1540 239.
1259 1501 1359 1541 264.
1393 1501 1492 1541 294.
1526 1500 1624 1540 399.

333 1558 377 1613 2)
409 1556 472 1600 Ut
501 1570 594 1600 uno
628 1555 839 1613 exemplo
873 1556 1116 1613 defungar,
1146 1556 1255 1600 vide
1283 1571 1327 1612 p.
1356 1560 1456 1611 678,
1475 1561 1544 1599 11.

330 1617 375 1672 3)
408 1614 472 1659 Cf.
506 1618 539 1659 t.
565 1616 585 1658 Ι
616 1631 660 1672 p.
690 1620 742 1659 77
777 1618 825 1659 et
855 1615 896 1660 V
927 1631 973 1672 p.
1001 1620 1099 1659 198.
