2044 3168
242 62 347 114 152
818 53 1108 106 GREGORII
1139 60 1342 105 CYPRH

236 217 339 266 γον
387 197 534 270 αὐτῷ
574 197 641 250 τὰ
688 195 1020 266 ἐγκλήματα,
1060 201 1115 249 εἴ
1146 216 1295 264 τινα,
1345 196 1486 250 ὅπου
1532 216 1593 264 γε
1639 195 1730 250 καὶ
1778 196 1929 251 ἐπαι-

176 286 178 288 ’
236 295 357 339 νεῖν
394 286 485 338 καὶ
522 285 760 354 μεγάλας
799 284 1005 338 εἰδέναι
1051 286 1146 348 τὰς
1191 286 1415 355 χάριτας
1462 286 1604 348 εἰκὸς
1650 281 1744 354 ἦν,
1793 286 1929 340 ἄνευ

235 382 335 428 τοῦ
383 375 472 427 καὶ
519 376 723 442 πλήθει
771 377 953 443 λόγων
1008 373 1226 428 ἐθέλειν
1279 376 1591 444 χρήσασθαι
1643 376 1787 427 δοκῶ
1835 395 1930 444 μοι

237 462 495 527 διδάξειν.

191 573 210 607 5
347 553 433 606 23.
476 551 675 621 Οὐδέν,
714 553 904 623 πάτερ,
944 554 1134 607 δεινὸν
1174 553 1409 606 σύνοιδα
1445 551 1661 624 ἐμαυτῷ
1702 553 1829 606 οὔτε
1869 550 1930 606 σὲ

236 642 364 695 οὔτε
403 661 455 695 τι
494 651 605 695 τῶν
646 650 761 694 σῶν
800 641 1157 714 εἰργασμένῳ,
1199 642 1282 695 ὅτι
1322 643 1394 711 μὴ
1437 640 1528 694 καὶ
1567 646 1778 711 μᾶλλον
1817 640 1930 695 ἐπι-

233 732 510 800 κουρήσας
549 729 610 784 ἐν
649 739 765 794 τοῖς
804 730 1123 798 ἀναγκαίοις
1171 732 1294 800 εἰμί.
1351 733 1420 783 σὺ
1462 729 1507 784 δ’
1558 731 1724 784 οὐδὲν
1763 727 1923 784 τοῦθ’

234 819 340 890 ἡγῇ
381 817 510 873 οὐδὲ
551 821 659 890 φὴς
698 819 770 882 ὡς
809 820 900 872 καὶ
940 826 1364 890 σμικροῦτινος
1413 818 1568 883 ἄξιον
1611 823 1930 889 λογίζεσθαι

233 907 452 977 πρέπει,
500 908 893 979 ἀποκηρύττεις
931 906 979 960 δ’
1027 908 1100 970 ὥς
1146 927 1271 960 τινα
1316 918 1428 960 τῶν
1474 909 1801 978 κακούργων
1838 910 1931 963 καὶ

169 1018 212 1052 10
237 997 395 1062 ξένον
444 1005 619 1060 ποιεῖς
666 998 763 1050 τὸν
810 1004 1020 1050 σαυτοῦ
1069 998 1183 1050 ἄνω
1230 995 1318 1049 καὶ
1367 997 1510 1050 κάτω
1560 998 1621 1050 τὸ
1661 998 1932 1052 τάλαντον

233 1088 693 1156 προβαλλόμενος.
734 1084 826 1139 καὶ
865 1087 970 1155 γὰρ
1012 1087 1224 1139 ἅπαντα
1266 1086 1492 1156 ῥήματα,
1526 1080 1568 1138 ὦ
1602 1087 1819 1155 ἄνδρες,
1853 1089 1931 1151 εἰς

234 1173 380 1229 τοῦτ’
435 1175 569 1228 αὐτὸ
624 1173 1058 1245 περιστρέφεται.
1113 1174 1205 1227 καὶ
1251 1176 1307 1227 τί
1356 1188 1519 1243 φησι;
1580 1175 1929 1245 τάλαντον,

235 1261 277 1317 ὦ
316 1263 530 1334 μιαρέ,
572 1265 637 1318 οὐ
679 1261 906 1336 γὰρξέτι
944 1264 1114 1317 παῖδα
1152 1267 1342 1317 καλεῖν
1382 1262 1526 1327 ἀξιοῖ
1555 1265 1930 1333 με-τάλαν-

234 1373 349 1407 τον
409 1363 536 1406 τῶν
597 1352 766 1421 ἐμῶν
827 1353 1167 1416 ἀναλώσας
1227 1349 1421 1422 ἔχεις,
1482 1353 1828 1422 τάλαντον,
1887 1350 1930 1407 ὦ

168 1440 419 1512 ιῠἙρμῆ
468 1441 573 1495 καὶ
624 1446 746 1495 Ζεῦ
788 1445 1031 1510 Κτήσιε
1077 1442 1182 1494 καὶ
1237 1447 1299 1494 εἴ
1345 1461 1442 1504 τις
1487 1447 1660 1495 θεῶν
1711 1442 1930 1512 ἕτερος

235 1531 579 1601 χρημάτων
632 1530 737 1584 καὶ
800 1531 1074 1601 κέρδους
1134 1532 1514 1605 προστάτης.
1586 1523 1723 1583 εἶτα
1780 1541 1931 1595 παῖς

234 1621 388 1689 μετὰ
427 1618 599 1673 ταῦτ’
647 1618 796 1689 ἐμὸς
843 1622 919 1673 σὺ
966 1622 1246 1690 κεκλήσῃ
1295 1617 1400 1672 καὶ
1448 1620 1757 1688 διάδοχος
1804 1629 1931 1673 τῶν

236 1707 403 1776 ἐμῶν
463 1710 786 1762 τοσούτου
848 1710 965 1777 τὴν
1028 1708 1186 1778 ἐμὴν
1253 1710 1613 1775 περικόψας
1672 1708 1930 1774 οὐσίαν;

163 1802 165 1804 ’
235 1798 322 1851 24.
372 1798 455 1851 ὅτι
503 1796 605 1865 μὲν
652 1793 757 1852 οὖν
812 1799 914 1851 σὸν
963 1794 1034 1866 ἦν
1087 1797 1389 1868 τάργύριον
1441 1796 1589 1864 κάγὼ
1645 1796 1930 1860 ἀναλώσας

169 1908 213 1942 20
238 1888 366 1956 εἰμί,
406 1887 506 1940 οὐκ
546 1884 697 1940 ἔστιν
736 1886 1110 1957 ἀρνήσασθαι,
1156 1887 1339 1955 πάτερ.
1395 1882 1567 1954 σαφὲς
1615 1886 1717 1956 γὰρ
1766 1888 1929 1940 τοῦτό

234 1995 296 2044 γε
342 1974 433 2028 καὶ
479 1975 634 2044 ἡμεῖς
682 1983 952 2030 τοσοῦτον
1005 1976 1142 2046 πρὸς
1194 1975 1404 2038 πάντας
1450 1978 1668 2044 βοῶμεν
1714 1974 1787 2037 ὡς
1839 1975 1929 2028 καὶ

235 2065 423 2117 δοκεῖν
469 2063 840 2132 ἐμπομπεύειν
887 2072 952 2135 τῇ
997 2062 1191 2134 πράξει
1239 2064 1328 2116 καὶ
1377 2064 1450 2126 ὡς
1497 2063 1636 2133 ὑπὲρ
1675 2064 1932 2131 μεγάλων

233 2162 404 2206 τινῶν
450 2156 625 2222 ἔργων
670 2152 808 2223 μέγα
862 2154 953 2207 καὶ
1007 2153 1210 2216 αὐτοὺς
1257 2159 1608 2222 φρονοῦντας
1659 2151 1928 2219 ἐγκαλλω-

234 2243 503 2307 πίζεσθαι.
557 2243 702 2310 πλὴν
750 2243 816 2295 οὐ
863 2241 1021 2311 μέχρι
1067 2241 1271 2294 τούτου
1318 2242 1403 2294 δεῖ
1443 2247 1636 2308 στῆναι
1683 2249 1798 2302 τοῖς
1837 2244 1928 2293 λο-

168 2350 211 2386 25
237 2340 454 2399 γισμοῖς
501 2329 620 2383 οὐδ’
673 2331 746 2394 ὡς
793 2330 1068 2383 ἀνάλωται
1114 2331 1292 2397 μόνον
1339 2338 1590 2396 σκοπεῖν,
1645 2328 1783 2380 ἀλλὰ
1837 2327 1927 2381 καὶ

234 2424 568 2488 προσθεῖναι
608 2420 987 2487 λογιζόμενον,
1038 2415 1177 2488 ὑπὲρ
1218 2420 1368 2480 τίνος
1407 2415 1497 2470 καὶ
1535 2415 1659 2483 μεθ’
1705 2412 1930 2484 ἧστινος

356 2568 409 2606 15
444 2563 501 2607 cf.
534 2578 578 2619 p.
606 2568 676 2617 20,
696 2568 718 2606 7

355 2701 377 2739 1
413 2695 461 2741 εἴ
484 2713 590 2740 τινα
622 2696 786 2753 scripsi
847 2695 876 2751 ἥ
905 2713 1009 2741 τινα
1027 2697 1128 2753 Lpr
1189 2694 1217 2752 ἢ
1249 2694 1355 2740 τίνα
1382 2697 1422 2740 V
1555 2699 1608 2739 10
1639 2694 1721 2738 τὸν
1762 2694 1926 2750 scripsi

235 2757 424 2800 auctore
457 2755 646 2799 Kurtzio
707 2763 799 2799 τῶν
823 2757 973 2812 LVpr
1095 2760 1147 2798 12
1182 2769 1326 2811 φησιν
1349 2769 1413 2811 pr
1535 2757 1589 2797 14
1624 2752 1925 2810 τάλαντον(2)

233 2841 289 2850 -—
326 2819 379 2857 16
411 2813 670 2871 προστάτης
701 2828 775 2858 om
809 2816 852 2858 V
992 2818 1044 2858 17
1089 2811 1331 2869 μεταταῦτ’
1362 2814 1457 2857 LV
1598 2817 1652 2856 18
1691 2812 1924 2872 τοσούτῳὶ)

353 2878 409 2917 26
440 2872 556 2929 ὑπέρ
590 2890 714 2923 τινος
738 2875 782 2918 L
