2014 3158
212 110 317 162 712
697 109 926 154 LIBANII
955 109 1348 155 DECLAMATIO
1382 111 1417 154 L

208 247 258 299 εἰ
295 253 468 299 ταῦτα
506 246 1058 314 ἔλεγονψπαρελθών·
1101 247 1337 314 ἄνδρες
1376 251 1668 316 πολῖται,
1705 265 1902 318 πονη-

209 344 338 404 ρῶν
369 332 476 387 καὶ
507 337 857 403 κακοήθων
889 334 1507 405 ἀνδρῶν-συμμορία
1538 337 1655 405 τὴν
1687 338 1907 390 οἰκίαν

208 424 363 491 ἡμῖν
394 424 760 477 κεκύκλωκε
791 422 898 476 καὶ
929 428 1298 493 πολιορκεῖ.
1332 426 1727 495 βοηθήσατε,
1750 423 1905 495 πρὶν

209 511 414 579 αὐτὴν
460 511 783 575 ἐξέλωσιν.
832 512 860 566 ὁ
900 512 1108 581 πατὴρ
1149 512 1639 566 ἀναπέπεισται.
1687 515 1906 567 διανε-

161 602 441 669 ενόηταί
475 621 548 669 με
587 602 702 669 τὴν
749 602 962 670 ψυχὴν
1010 602 1206 664 αὐτὸς
1254 601 1647 672 ἀφελέσθαι,
1687 602 1717 655 ὃ
1758 604 1907 657 οὔτε

154 680 155 683 ¹
207 689 466 758 ἐγένετο
507 692 663 759 μήτε
703 690 979 758 γένοιτο.
1019 700 1147 754 πῶς
1187 692 1306 761 γὰρ
1348 691 1426 744 ἂν
1467 691 1587 760 ἐγὼ
1620 692 1908 760 γεγονὼς

208 778 268 842 ἐξ
317 778 579 832 ἐκείνου
628 780 732 832 καὶ
779 786 972 832 τοῦτο
1021 779 1303 849 ἀκριβῶς
1358 781 1548 844 εἰδὼς
1601 779 1706 833 καὶ
1756 799 1908 849 τρα-

207 867 352 937 φεὶς
406 869 683 932 οὐδενὸς
737 871 1154 938 φαυλότερον
1207 868 1313 922 καὶ
1369 871 1672 933 παιδείας
1717 889 1906 938 μετα-

207 959 401 1026 σχών,
440 958 473 1026 ἣ
509 960 661 1020 τοὺς
702 957 1151 1027 ἀναισθήτους
1184 957 1497 1025 ἀμείνους
1535 968 1755 1012 ποιεῖν
1794 959 1909 1012 δύ-

141 1067 183 1100 10
209 1067 399 1099 ναται
438 1046 542 1100 καὶ
585 1049 886 1110 δικαίους
924 1046 1030 1100 καὶ
1070 1052 1286 1100 καλῶν
1327 1050 1535 1116 ἔργων
1583 1047 1907 1116 ἐπιθυμη-

116 1140 340 1185 RIV846
388 1136 521 1204 τάς,
558 1134 564 1208 Ι
599 1145 728 1198 πῶς
783 1132 901 1190 οὗν
957 1134 1076 1204 ἐγὼ
1128 1138 1243 1188 τὸν
1289 1135 1532 1204 πατέρα
1580 1133 1755 1189 εἷναί
1798 1156 1907 1204 μοι

207 1226 432 1278 δεινὸν
470 1226 814 1294 ἡγησάμην
851 1232 961 1294 τῆς
1009 1224 1335 1293 ὀρφανίας
1375 1227 1685 1293 μεγίστης
1732 1219 1906 1278 εἶναι

207 1322 548 1384 συμφορᾶς
606 1312 1162 1383 ὁμολογουμ.ένης;
1218 1313 1251 1382 ἢ
1308 1314 1423 1383 οὐχ
1478 1314 1600 1382 ἡδὺ
1662 1314 1906 1383 πατέρα

207 1405 486 1472 γηραιὸν
533 1404 745 1472 ὥσπερ
801 1404 949 1456 τινὰ
1005 1403 1287 1469 δαίμονα
1333 1403 1737 1472 θεραπεύειν
1786 1402 1906 1456 κάν

141 1518 182 1551 15
206 1501 346 1553 ταῖς
388 1495 480 1554 εἰς
520 1490 778 1545 ἐκεῖνον
810 1490 1216 1560 ἐπιμελείαις
1254 1498 1540 1545 κτᾶσθαι
1579 1493 1688 1555 τὰς
1728 1491 1906 1559 ἀμεί-

206 1601 365 1644 νους
406 1581 696 1651 ἐλπίδας-ς
738 1581 855 1634 οὐκ
894 1581 972 1633 ὀὲν
1012 1582 1235 1634 ἔδεισα
1278 1584 1430 1644 τοὺς
1471 1580 1763 1634 ἐνταῦθα
1800 1582 1907 1634 νό-

205 1689 388 1736 μους;
452 1670 568 1723 οὐκ
623 1668 701 1722 ἂν
754 1667 977 1723 ἔδεισα
1031 1673 1185 1733 τοὺς
1241 1669 1310 1723 ἐν
1351 1668 1576 1722 ’Ἅιδου
1632 1672 1906 1738 φόβᾶυςς

205 1763 520 1827 ποιήσατε
574 1762 808 1812 τοίνυν
869 1759 1115 1827 ἥμερόν
1168 1779 1276 1827 μοι
1330 1759 1446 1811 τὸν
1505 1758 1747 1828 πατέρα
1799 1757 1902 1812 καὶ

207 1850 569 1917 κρατήσατε
615 1857 742 1901 τῶν
789 1848 1225 1901 διασειόντων
1273 1847 1428 1915 ἡμῖν
1477 1848 1545 1900 τὸ
1601 1847 1802 1915 γένος.
1858 1848 1906 1901 εἰ

142 1965 186 1997 20
208 1944 381 1989 ταῦτα
421 1934 669 2006 ἐδεόμην,
711 1938 934 1999 εἰκότως
973 1936 1044 1990 ἂν
1081 1937 1420 2004 ἠγανάκτεις.
1467 1936 1553 1988 23.
1586 1937 1908 2005 ἠγανάκτεις

328 2043 352 2080 3
386 2038 644 2082 κεκύκλωκε
676 2038 841 2094 scripsi
874 2052 930 2082 ex
953 2037 1104 2082 AClB
1181 2039 1409 2081 κεκώλυκε
1441 2038 1732 2082 Mo‘nVaMa
1763 2037 1831 2081 Re

206 2093 411 2141 κέκλεικε
435 2097 598 2141 Iaoobs
623 2097 738 2141 Lech
762 2097 904 2140 Sohul
1026 2102 1054 2140 4
1085 2097 1295 2149 ἐξελῶσιν
1322 2096 1527 2140 Sintenis
1648 2101 1674 2139 5
1707 2094 1790 2153 μὲν
1816 2097 1906 2141 Μα

211 2157 263 2202 Ol
289 2163 294 2211 Ι
331 2153 475 2201 αὐτὸν
502 2156 608 2199 libri
672 2170 774 2200 corr
796 2157 864 2200 Re
988 2161 1011 2200 7
1045 2154 1276 2209 ἐξεκείνου
1294 2158 1340 2200 Β
1463 2161 1487 2199 9
1519 2154 1548 2211 ἣ
1575 2182 1631 2188 -
1657 2160 1712 2199 10
1738 2156 1904 2200 ἐπιθυ-

207 2214 355 2272 μητάς
395 2216 512 2259 oitab
543 2214 776 2259 Macarius
812 2215 891 2259 fol.
928 2220 982 2259 78
1016 2215 1265 2272 (Villoison
1296 2217 1344 2259 eb
1374 2214 1569 2258 Reiskia
1599 2214 1647 2258 ll.
1673 2214 1741 2271 ll.)
1770 2218 1776 2269 Ι
1804 2213 1832 2270 ἣ
1858 2216 1905 2260 A

207 2275 289 2318 sed
329 2289 384 2318 ex
426 2273 450 2319 ὃ
490 2288 591 2319 corr
622 2274 692 2317 m²
767 2272 794 2330 ἢ
829 2276 947 2320 Mon
1023 2275 1051 2331 ἡ
1091 2273 1284 2320 παιδεία
1325 2274 1485 2318 Macar
1629 2279 1683 2318 13
1724 2274 1815 2330 ἡδὺ
1848 2300 1905 2306 —-

210 2339 264 2377 16
306 2332 497 2385 ἐλπίδας
535 2333 652 2378 citat
691 2334 926 2378 Macarius
959 2333 1038 2377 fol.
1076 2339 1130 2378 78
1163 2333 1411 2391 (Villoison
1452 2335 1500 2377 et:
1537 2333 1728 2377 Reiskia
1759 2333 1805 2376 ll.
1835 2333 1905 2391 ll.)

330 2398 383 2436 14
417 2391 506 2436 κᾶν
530 2394 623 2437 ΑΒ
770 2398 822 2437 15
858 2392 1037 2438 ἐκείνου
1062 2395 1107 2437 A
1141 2394 1222 2436 sed
1254 2394 1303 2436 in
1337 2393 1402 2443 εἰς
1433 2394 1612 2438 ἐκεῖνον
1645 2406 1746 2437 corr
1775 2392 1846 2435 m'

208 2468 400 2527 ἐκείνιῗιν
421 2483 538 2526 Mon
660 2486 714 2524 16
749 2481 966 2526 ἔδεισαΑ
991 2482 1072 2525 sed
1098 2495 1153 2525 ex
1179 2480 1345 2538 ἐδέησα
1371 2495 1471 2525 corr
1494 2481 1564 2524 m²
1627 2480 1768 2537 ἔδησα
1787 2483 1906 2525 Mon

330 2545 382 2583 17
409 2541 596 2596 signum
620 2540 1002 2597 interrogationis
1015 2541 1151 2597 posui
1170 2555 1273 2584 cum
1291 2540 1501 2584 Iacobsio
1521 2539 1661 2583 Sohul
1724 2553 1906 2584 comma

207 2601 253 2643 B
321 2602 544 2655 punctum
571 2601 616 2643 A
690 2614 764 2643 om
796 2600 963 2655 reliqui
995 2600 1106 2643 libri
1138 2600 1206 2643 Re
1255 2602 1261 2656 Ι
1313 2601 1398 2643 οὐκ
1425 2626 1478 2631 -
1505 2597 1684 2657 φόβους
1714 2612 1790 2642 om
1814 2600 1860 2643 A
1894 2598 1900 2658 Ι

208 2659 419 2703 ἐνταῦθα
451 2660 518 2702 Va
546 2662 552 2714 Ι
581 2659 766 2716 signum
797 2659 1180 2716 interrogationis
1210 2658 1345 2715 posui
1370 2673 1395 2702 e
1419 2660 1464 2702 B
1498 2673 1603 2701 oum
1635 2658 1844 2701 Iacobsio

208 2716 342 2761 colon
373 2717 543 2772 reliqui
574 2717 682 2761 libri
708 2717 775 2760 Re
898 2723 951 2761 18
984 2717 1206 2772 ποιήσατε
1234 2720 1322 2762 Μα
1355 2718 1436 2761 sed
1467 2716 1580 2772 ποιή
1611 2717 1659 2759 in
1692 2732 1765 2760 ras
1789 2715 1859 2760 m²
1892 2717 1900 2773 Ι

207 2792 286 2833 μοι
311 2776 476 2832 scripsi
502 2779 620 2821 exA
681 2793 769 2832 μου
800 2776 968 2832 reliqui
1000 2777 1111 2820 libri
1143 2777 1211 2819 Re
1335 2781 1387 2820 19
1421 2776 1676 2831 κρατήσατε
1702 2777 1789 2820 Ma
1821 2775 1903 2818 sed

206 2850 254 2879 τε
286 2835 335 2878 in
366 2849 442 2878 ras
471 2835 540 2878 m²
567 2838 573 2892 Ι
603 2836 681 2879 καὶ
713 2836 822 2879 anfie
853 2843 944 2879 τῶν
971 2837 1189 2880 VaAGzB
1217 2837 1222 2890 Ι
1252 2834 1554 2880 διασειόντων
1587 2833 1751 2890 scripsi
1776 2847 1800 2877 e
1832 2834 1903 2878 Va

207 2894 448 2939 AMaOlB
512 2894 839 2939 διαστειόντων
871 2895 990 2939 Mon
1051 2892 1410 2939 διαστελλόντων
1441 2894 1509 2937 Re
1631 2898 1686 2936 20
1718 2893 1904 2949 signum

207 2952 588 3010 interrogationis
621 2955 727 3009 post
758 2952 1107 3010 ἠγανάκτειςῌ)
1132 2953 1402 3009 ponendum
1435 2952 1539 2996 coni
1569 2951 1732 2995 Iacobs
1758 2950 1901 2995 Schul
