2014 3158
260 102 370 155 482
701 100 930 144 LIBANII
960 98 1350 143 DECLAMATIO
1382 98 1527 143 XLIV

179 243 182 246 ’
258 235 710 305 πεπιστευμένων
750 235 930 305 ἐφῆτε.
978 235 1026 288 3.
1066 232 1218 288 ἔοικα
1266 235 1328 288 δὲ
1372 235 1596 287 πάντων
1641 244 1754 288 τῶν
1793 234 1854 288 ἐν
1890 243 1957 305 τῇ

259 327 415 378 πόλει
456 323 890 393 δυστυχέστατος
929 317 1077 377 εἷναί
1112 343 1212 391 τις,
1252 324 1300 376 εἰ
1338 332 1451 375 τῶν
1481 320 1583 390 μὲν
1614 323 1798 377 ἄλλων
1835 323 1955 377 ἕκα-

261 429 390 475 στος
429 413 663 479 εὐθυμεῖ
700 432 758 465 τε
796 413 887 465 καὶ
920 421 1339 480 στεφανηφορεῖ
1373 409 1463 463 καὶ
1502 419 1598 480 τῆς
1635 422 1748 465 τῶν
1785 431 1958 483 πραγ-

259 503 449 570 μάτων
494 502 870 571 μεταστάσεως
917 500 1210 569 ἀπολαύει,
1257 502 1428 569 μόνος
1467 498 1516 552 δ’
1563 500 1668 568 ἐγὼ
1708 499 1800 554 καὶ
1845 510 1959 555 τῶν

218 613 238 647 5
261 599 357 660 τῆς
417 591 750 660 τυραννίδος
811 589 1118 658 ἐπειρώμην
1183 590 1470 658 δυσχερῶν
1535 587 1626 641 καὶ
1691 599 1803 643 τῶν
1863 598 1961 658 τῆς

264 679 583 750 ἐλευθερίας
622 683 808 732 καλῶν
839 677 1222 747 ἀπεστέρημαι.
1262 678 1312 730 4.
1345 680 1442 730 καί
1466 697 1561 745 μοι
1600 680 1865 731 δοκοῦσιν
1905 680 1959 731 οἱ

262 768 410 821 πάνυ
462 768 768 836 φάσκοντες
812 770 914 836 τήν
959 786 1017 819 τε
1064 767 1438 836 δημοκρατίαν
1484 765 1703 835 ἀγαπᾶν
1755 765 1846 820 καὶ
1894 775 1959 838 τῇ

263 858 557 926 τυραννίδι
596 859 856 924 πολεμεῖν
894 857 960 908 τὰ
998 856 1099 923 μὲν
1145 864 1241 925 τῆς
1287 857 1619 923 τυραννίδος
1665 855 1962 909 ἐπιτείνειν

264 945 495 1014 χαλεπά,
534 953 650 1006 τοῖς
690 942 740 997 δ’
786 944 892 999 ἀπὸ
934 953 1029 1014 τῆς
1070 944 1393 1015 ἐλευθερίας
1433 944 1828 998 ἐναντιοῦσθαι
1867 965 1960 998 κα-

199 1060 243 1093 10
267 1039 400 1097 λοῖς.
439 1035 500 1087 τὸ
541 1035 646 1102 γὰρ
678 1032 994 1103 ἐπηρεάζειν
1032 1032 1122 1086 καὶ
1155 1033 1421 1097 ψευδέσιν
1460 1036 1660 1097 αἰτίαις
1699 1033 1767 1087 ὃν
1803 1034 1960 1103 τύχοι

265 1133 378 1177 τῶν
415 1127 658 1176 πολιτῶν
705 1123 1022 1176 ἀποκτεῖναι
1063 1126 1240 1191 ζητεῖν
1285 1125 1454 1194 ψήφῳ
1503 1124 1778 1176 δικαστῶν
1826 1124 1962 1191 ἠπα-

389 1303 411 1341 1
445 1298 575 1342 Dem.
607 1298 803 1342 Androt.
835 1313 880 1354 p.
908 1301 1052 1353 611‚3

390 1468 412 1505 1
446 1459 694 1518 προοίμιον
726 1460 769 1519 β’
796 1461 857 1504 Μ

390 1615 413 1654 1
447 1607 781 1666 πιστευόμενον
808 1609 861 1654 ΟΖ
909 1611 915 1665 Ι
966 1609 1117 1664 ἐφεῖτε
1149 1609 1291 1653 LaVi
1329 1609 1493 1677 Doxap
1572 1610 1723 1665 ἀφῆτε
1763 1608 1965 1653 Oobetus

269 1669 387 1713 Misc
417 1674 500 1713 142
537 1672 543 1725 Ι
580 1669 711 1714 ἔοικα
734 1694 792 1700 -
817 1672 918 1722 483,
936 1673 962 1712 8
994 1675 1206 1725 μιμοῖντο
1237 1668 1507 1724 praemissis
1539 1669 1691 1712 verbis
1730 1668 1809 1712 καὶ
1842 1667 1867 1713 ὁ
1898 1671 1965 1712 λι-

270 1728 432 1802 βάνιος
464 1729 514 1772 δὲ
547 1730 597 1772 ἐν
631 1726 791 1803 ἐκείνῳ
823 1731 887 1801 τῷ
912 1727 1131 1803 ζητήματι
1154 1731 1215 1787 τῷ
1242 1731 1523 1788 στοχαστικῷ
1555 1726 1729 1802 νόμος
1754 1754 1808 1759 -
1836 1742 1964 1771 συν-

270 1786 495 1839 ειδότος
534 1789 584 1832 ἐν
621 1787 767 1845 τούτῳ
806 1786 889 1831 τὸν
928 1787 1163 1843 φεύγοντα
1202 1789 1399 1843 μελετῶν
1438 1794 1567 1830 ποιεῖ
1605 1784 1749 1831 αὐτὸν
1780 1786 1965 1858 φαύλην

270 1845 508 1904 ὑπόληψιν
546 1847 631 1903 τὴν
670 1853 749 1902 τῆς
788 1844 1038 1920 δυστυχίας
1075 1843 1191 1890 καθ’
1230 1845 1398 1890 ἑαυτοῦ
1440 1853 1784 1919 μαρτυροῦντα,
1823 1843 1965 1919 ἡνίκα

271 1906 409 1963 λέγει·
474 1906 633 1950 ἔοικα
659 1932 713 1937 -
740 1906 1143 1961 ἀπεστέρημαι.
1177 1903 1426 1962 σημείωσαι
1461 1921 1527 1950 οτι
1561 1902 1666 1950 ἔσθ’
1701 1902 1772 1949 ότε
1803 1902 1964 1960 προοί-

272 1982 354 2023 μια
399 1962 657 2020 εὑρίσκεται
697 1966 868 2020 διπλῆν
906 1964 990 2020 τὴν
1028 1963 1254 2019 πρότασιν
1294 1965 1480 2038 ἔχοντα,
1513 1966 1573 2015 ὡς
1612 1962 1896 2036 συμβαίνειν
1912 1965 1966 2007 τὸ

273 2024 356 2081 μὲν
391 2025 554 2080 αὐτῆς,
594 2027 656 2097 τῷ
697 2024 748 2069 δὲ
782 2027 911 2079 (corr.
947 2024 1090 2080 αὐτῆς
1113 2026 1255 2098 τῷδε)
1285 2027 1347 2067 τῶ
1385 2021 1539 2082 τρόπῳ
1578 2032 1671 2068 τῶν
1708 2021 1966 2079 προοιμίων

273 2083 560 2140 ὑπάγεσθαι,
599 2082 651 2126 τὸ
692 2080 740 2125 δ’
784 2081 943 2141 ἑτέρῳ
982 2083 1043 2133 ὡς
1080 2080 1131 2127 τὸ
1173 2083 1222 2127 ἐκ
1262 2090 1344 2126 τοῦ
1383 2068 1595 2140 λιβανίου
1634 2083 1742 2127 νυνὶ
1779 2081 1965 2139 ληφθὲν

272 2142 404 2217 ἡμῖν
416 2141 507 2199 ἔχει
538 2142 848 2198 παράδειγμα.
887 2149 1023 2185 τοῦτο
1063 2142 1150 2198 γὰρ
1192 2144 1360 2216 διπλῆν
1393 2142 1484 2199 ἔχει
1513 2142 1598 2198 τὴν
1629 2140 1854 2215 πρότασιν
1886 2142 1967 2185 καὶ

272 2202 325 2246 τὸ
358 2200 441 2257 μὲν
473 2209 656 2255 πρῶτον
688 2199 825 2258 μέρος
856 2202 996 2256 αὐτῆς
1028 2209 1126 2252 τοῖς
1157 2198 1250 2246 ἀπὸ
1282 2209 1372 2245 τῶν
1406 2200 1606 2275 ἐχόντων
1636 2201 1693 2244 τὰ
1717 2200 1966 2256 πράγματα

275 2261 355 2305 καὶ
378 2277 436 2304 τα
461 2259 720 2316 ἐγκλήματα
736 2257 1001 2316 προοιμίοις
1017 2259 1242 2334 ὑπάγεται
1259 2267 1341 2304 τοῦ
1359 2260 1614 2316 φεύγοντος
1632 2259 1968 2316 ὁμολογοῦντος

274 2317 392 2364 καθ’
424 2317 590 2363 ἑαυτοῦ
616 2319 800 2375 φαύλην
825 2317 1076 2376 ὑπόληψιν,
1107 2317 1158 2364 τὸ
1185 2320 1235 2364 δὲ
1268 2319 1484 2374 δεύτερον
1514 2319 1594 2363 τὸν
1620 2316 1966 2394 ἐμφαινόμενον

274 2379 381 2434 περὶ
403 2379 486 2423 τὸν
511 2376 770 2453 κατήγορον
795 2385 875 2434 τῆς
900 2376 1170 2433 ἐλευθερίας
1194 2376 1382 2434 φθόνον
1414 2379 1599 2436 βεβαιοῖ
1626 2379 1706 2422 καὶ
1738 2377 1967 2434 ὑπάγεται

273 2438 325 2482 τὸ
352 2440 480 2494 (corr.
499 2440 572 2509 τῷ)
598 2436 691 2481 ἀπὸ
715 2444 796 2494 τῆς
819 2436 1095 2511 ὑπολήψεως
1117 2445 1199 2481 τοῦ
1224 2436 1568 2494 ἐμφαινομένου
1593 2438 1698 2492 περὶ
1721 2437 1803 2482 τὸν
1827 2435 1966 2490 κατή-

275 2513 416 2553 γορον
450 2494 641 2552 φθόνου
682 2496 801 2539 κατὰ
839 2496 890 2540 τὸ
932 2494 1158 2541 ἐναντίον.
1200 2497 1251 2540 ἐκ
1287 2502 1370 2540 τοῦ
1409 2497 1623 2554 λιβανίου
1655 2495 1772 2539 citab
1805 2495 1965 2551 Doxap

274 2556 305 2600 l.
330 2556 360 2599 l.
387 2556 502 2611 adp
508 2559 614 2609 .‚71
634 2559 804 2598 19—21
840 2555 911 2598 ed
937 2555 1085 2599 Walz.
1112 2578 1167 2591 =
1192 2570 1237 2611 p.
1266 2559 1365 2608 182,
1384 2559 1498 2598 3—5
1525 2555 1596 2599 ed.
1623 2554 1836 2611 Spengel.
1864 2554 1964 2598 cod.

275 2571 933 2658 Vat.f01.p{1ov.Ba1000.f01
953 2619 1006 2657 31
1027 2617 1074 2657 et
1091 2619 1171 2657 31V
1197 2615 1206 2672 Ι
1234 2614 1353 2658 ἔοικε
1376 2615 1432 2658 Vi
1553 2618 1577 2655 2
1607 2617 1748 2658 δυστυ
1750 2611 1967 2671 χέστατός

275 2690 345 2723 τις
377 2670 499 2717 εἶναι
525 2675 587 2717 Μ
703 2677 729 2716 3
763 2674 1036 2729 εὐθυμεῖται
1060 2674 1118 2717 Vi
1236 2678 1264 2716 4
1295 2671 1610 2729 μεταστάσεως
1642 2674 1710 2718 Va
1734 2672 1816 2716 sed
1847 2688 1966 2715 κατα

277 2746 419 2788 supra
449 2748 563 2788 μετα
593 2731 663 2775 m²
723 2731 1043 2783 καταστάσεως
1065 2733 1111 2776 Β
1139 2734 1145 2788 Ι
1174 2729 1220 2775 δ’
1256 2732 1380 2775 inser
1403 2733 1502 2776 Las
1569 2730 1619 2775 δε
1645 2733 1771 2776 BVa
1801 2731 1967 2786 Doxap

399 2796 421 2833 7
455 2797 537 2834 τοῦ
568 2806 616 2835 τε
641 2791 683 2834 L
712 2794 716 2846 Ι
744 2797 798 2847 τῇ
831 2790 1006 2834 inserui
1038 2804 1063 2835 e
1088 2790 1439 2835 LMLaViGlB
1477 2790 1640 2846 Doxap
1673 2805 1778 2834 cum
1810 2789 1967 2833 Gasda

339 2864 414 2893 om
449 2851 515 2894 Va-
547 2850 638 2893 edd
759 2854 784 2892 9
816 2853 879 2909 τῷ
905 2848 954 2894 δὲ
987 2852 1035 2892 et
1065 2852 1188 2907 καλῷ
1217 2849 1379 2906 Doxap
1408 2854 1413 2903 Ι
1442 2852 1599 2900 καλοῖς
1631 2849 1964 2894 ἐναντιοῦσθαι

278 2910 325 2953 Β
447 2914 498 2952 11
532 2911 780 2952 πολιτικῶν
804 2895 880 2952 La
912 2908 993 2952 sed
1024 2909 1073 2952 in
1103 2911 1303 2952 πολιτῶν
1335 2922 1436 2952 con·
1463 2910 1493 2963 f
