2014 3158
333 124 475 168 FILII
503 124 570 168 ΙΝ
573 123 868 168 SIDIARUM
898 123 1002 167 REI
1033 123 1258 169 MORTIS
1289 122 1528 168 PETITIO
1684 123 1790 177 705

91 260 307 329 ἐλέγετο
344 261 523 330 μάτην
563 260 945 328 ἀντιλέγοντός
983 279 1041 312 τε
1079 260 1170 313 καὶ
1202 263 1629 330 χαλεπαίνοντος
1662 259 1788 313 ἐκεί·

88 367 215 404 νου·
265 348 379 403 ἐπεὶ
427 349 512 412 δέ,
562 351 610 403 εἰ
657 349 830 419 μηδὲν
877 350 1036 417 ἄλλο,
1083 351 1248 402 τοῦτό
1288 368 1350 417 γε
1388 349 1522 417 ἡμῖν
1560 349 1593 417 ἡ
1642 349 1789 418 Τύχη

90 440 406 509 κεχάρισται
435 439 497 492 τὸ
529 440 627 492 τὸν
657 435 761 507 μὲν
792 438 1012 491 ἀπεῖναι
1042 446 1137 505 τῆς
1170 438 1456 507 ἐκκλησίας
1489 437 1569 491 ἐπ’
1601 438 1789 500 ἄλλοις

90 530 463 598 διατρίβοντα,
503 538 617 580 τῶν
657 526 704 580 δ’
753 529 936 580 ἄλλων
973 528 1143 596 τινάς,
1182 523 1261 580 ὧν
1300 526 1417 580 οὐδ’
1459 527 1649 587 ,αὐτῶν
1687 524 1790 596 μὲν

88 620 172 670 ἔνι
212 637 302 686 μοι
342 625 731 687 καταφρονεῖν,
772 616 839 670 οὐ
878 623 1142 678 τοσοῦτος
1181 616 1243 669 δὲ
1275 616 1401 679 ὅσος
1434 615 1648 669 ἐκείνου
1687 617 1788 686 φό-
1837 637 1857 671 5

88 709 212 776 βος,
259 709 390 769 τοὺς
437 705 941 775 ἐναντιωσομένους
988 699 1154 773 εἶναι,
1209 707 1313 774 ἔχω
1360 706 1516 768 τινὰς
1566 703 1791 768 ἐλπίδας

88 795 258 849 πλέον
296 801 553 858 οἴσεσθαι
599 803 695 863 τῆς
739 795 952 848 τούτων
1005 796 1347 862 φιλονεικίας
1391 795 1488 857 τὰς
1532 801 1632 847 τοῦ
1680 814 1790 847 τοι·

90 892 230 937 αῦτα
269 884 603 953 άτυχοῦντος
644 883 777 950 ἐμοῦ
818 885 1046 953 δεήσεις.

199 974 248 1026 4.
303 973 529 1042 Ἀνάγκη
584 970 686 1042 μὲν
748 969 852 1026 οὖν
913 973 1047 1039 μετὰ
1111 974 1392 1042 δακρύων,
1453 969 1495 1026 ὦ
1552 976 1789 1040 πολῖται,

90 1065 387 1131 γίγνεσθαί
421 1082 517 1129 μοι
555 1064 684 1125 τοὺς
725 1064 942 1136 λόγους,
982 1060 1101 1115 ἐπεὶ
1139 1062 1229 1114 καὶ
1270 1061 1409 1123 ὅλως
1447 1069 1553 1114 νῦν
1594 1061 1654 1113 ἐν
1694 1061 1788 1114 δά-
1813 1083 1858 1116 ιο

91 1165 256 1220 κρυσι
303 1152 476 1219 διάγω
523 1150 615 1204 καὶ
664 1151 792 1204 οὔτε
839 1149 1012 1220 ἡμέρα
1060 1151 1188 1204 οὔτε
1234 1149 1334 1214 νὺξ
1384 1151 1510 1203 οὔτε
1559 1159 1671 1202 τῶν
1711 1151 1790 1203 οἰ-

90 1243 257 1306 κείων
296 1241 424 1310 οῦτε
462 1250 574 1293 τῶν
614 1243 795 1309 φίλων
838 1240 1023 1302 οὐδεὶς
1063 1239 1246 1292 ε’πεῖδέ
1282 1258 1347 1308 με
1386 1240 1519 1308 μετὰ
1558 1241 1660 1308 τὴν
1698 1239 1789 1309 ὀρ-

89 1307 335 1398 γὴντοῦ
373 1330 580 1399 πατρὸς
610 1328 644 1398 ’ἢ
677 1328 1068 1398 φθεγξάμενον
1099 1328 1133 1397 ἢ
1167 1331 1471 1398 σιγήσαντα
1507 1328 1788 1398 ἀδακρυτί.

88 1417 139 1471 5.
182 1416 275 1471 καὶ
328 1420 385 1470 τί
433 1420 764 1487 θαυμαστὸν
818 1420 865 1471 εἰ
921 1418 1087 1481 αὐτὸς
1139 1418 1484 1486 ἠνάγκασμαι
1537 1423 1789 1485 πενθεῖν,

89 1506 233 1559 ὅπου
275 1526 335 1575 γε
384 1505 475 1559 καὶ
523 1510 653 1570 τοὺς
700 1506 819 1576 ἐμοὶ
869 1509 1137 1575 συνήθεις
1185 1507 1297 1560 ἴδοι
1343 1526 1425 1568 τις
1473 1505 1542 1559 ἂν
1587 1506 1790 1559 ταύτὸν
1814 1528 1857 1561 1⁵

92 1594 213 1664 ἐμοὶ
251 1603 573 1660 ποιοῦντας;
613 1596 643 1650 ὁ
683 1597 789 1666 γὰρ
830 1597 897 1664 δὴ
937 1598 1311 1665 πονηρότατος
1350 1594 1456 1664 ἐγὼ
1496 1594 1620 1664 περὶ
1659 1597 1790 1658 τοὺς

93 1684 332 1753 ἐμαυτοῦ
364 1687 494 1748 τοὺς
533 1684 591 1738 ἐκ
621 1687 958 1755 παλαίστρας
989 1683 1082 1738 καὶ
1106 1685 1507 1738 διδασκαλείων
1540 1682 1791 1753 ἑταίρους

90 1774 335 1836 ἅπαντας
373 1771 477 1842 ἔχω
518 1779 982 1842 συμπενθοῦντας
1027 1774 1116 1827 καὶ
1165 1773 1333 1827 οὐδὲν
1378 1781 1442 1843 τῇ
1491 1773 1636 1842 λύπῃ
1687 1780 1788 1827 τοῦ

91 1863 520 1926 κινδυνεύοντος
568 1863 701 1932 ἐμοῦ
749 1863 1132 1933 διαφέροντας.
1187 1857 1339 1930 οἶμαι
1387 1859 1448 1915 δὲ
1494 1859 1584 1914 καὶ
1631 1861 1790 1930 ὑμῶν

91 1953 332 2014 πολλοὺς
371 1953 450 2014 εἰς
489 1953 701 2021 δάκρυα
741 1958 1035 2005 πεσεῖσθαι
1073 1962 1185 2005 τῶν
1230 1961 1415 2004 κακῶν
1454 1960 1566 2004 τῶν
1603 1949 1789 2019 ἡμετέ-
1813 1973 1856 2006 ιο

92 2060 206 2110 ρων
238 2040 555 2103 ἀκούοντας.
595 2038 733 2094 ἔστω
768 2037 872 2095 οὗν
903 2061 986 2103 τις
1017 2040 1181 2110 κάμοὶ
1216 2040 1513 2109 συγγνώμη
1554 2040 1626 2107 μὴ
1662 2052 1789 2092 συν-

89 2138 226 2197 εχῶς
263 2130 476 2182 ἅπαντα
515 2129 805 2202 δυναμένῳ
846 2130 1042 2198 λέγειν.

202 2217 251 2269 6.
277 2216 516 2287 ’Έγημεν
555 2218 584 2271 ὁ
624 2221 801 2289 πατὴρ
842 2220 943 2287 τὴν
981 2218 1186 2288 μητέρα
1224 2219 1325 2287 τὴν
1364 2216 1524 2285 ἐμήν,
1574 2217 1646 2279 ὡς
1686 2217 1788 2270 οὐκ

210 2413 233 2451 7
267 2407 478 2452 Her.V11
496 2413 593 2463 168,
613 2415 661 2462 3;
687 2414 787 2463 211,
805 2414 850 2463 13
876 2409 982 2453 VHI
1000 2413 1070 2453 29.
1105 2409 1322 2467 [Audeo]
1348 2407 1448 2451 Alc.
1475 2413 1498 2461 g
1524 2412 1552 2450 4
1576 2423 1622 2464 p.
1641 2411 1713 2461 29,
1733 2410 1787 2451 18

214 2593 235 2629 1
268 2602 318 2630 τε
341 2600 418 2630 om
444 2587 636 2631 MaGlB
758 2593 784 2630 4
818 2587 962 2631 αὐτὸν
989 2588 1056 2632 Va
1083 2589 1090 2643 Ι
1118 2587 1201 2642 μὲν
1225 2600 1301 2630 om
1326 2586 1396 2629 Va
1519 2588 1542 2627 7
1570 2582 1787 2628 οἴσεσθαι

89 2646 255 2702 scripsi
287 2659 392 2689 cum
423 2645 605 2689 Sinteni
645 2645 749 2690 coll.
782 2646 830 2689 ll.
854 2645 904 2689 11.
983 2646 1171 2690 οἴεσθαι
1210 2645 1320 2688 libri
1351 2644 1420 2687 Re
1470 2646 1476 2699 Ι
1525 2649 1608 2686 τοῦ
1641 2657 1716 2686 om
1743 2645 1787 2687 A

211 2709 265 2749 10
298 2703 516 2760 γίνεσθαί
540 2706 586 2749 Β
709 2710 760 2748 11
795 2704 824 2761 ἡ
857 2707 966 2749 ante
990 2705 1073 2757 νὺξ
1101 2705 1300 2749 MonVa
1362 2702 1512 2747 delevi
1543 2715 1648 2744 cum
1682 2701 1786 2745 Sin-

88 2764 188 2808 teni
311 2769 364 2807 12
397 2764 553 2815 οὐδεὶς
582 2764 709 2808 inser
734 2764 845 2809 Ma⁸
906 2779 982 2808 om
1011 2764 1228 2809 VaAOlB
1278 2765 1284 2811 Ι
1327 2778 1380 2817 με
1412 2775 1489 2805 om
1521 2761 1786 2805 VaMaCzB

92 2823 99 2882 Ι
136 2823 281 2879 ὀργὴν
311 2823 437 2866 inser
462 2822 574 2868 Ma⁸
635 2837 711 2867 om
743 2823 964 2868 VaAGlB
1088 2828 1141 2866 15
1175 2822 1311 2878 ἐμοὺς
1339 2822 1437 2866 OlB
1479 2823 1486 2876 Ι
1527 2818 1598 2871 τίς
1623 2821 1742 2864 Mon
1776 2820 1781 2879 Ι

89 2882 231 2926 ταυτὸ
255 2882 395 2926 AMa
517 2886 570 2925 16
598 2882 706 2938 ἐμοὶ
728 2882 778 2925 in
802 2897 877 2926 ras
904 2883 1016 2926 Ma⁸
1139 2886 1191 2923 17
1227 2879 1408 2934 ἑτέρους
1429 2881 1474 2924 Α
1596 2883 1650 2922 19
1683 2880 1786 2924 δια-

92 2940 318 2997 φέροντος
344 2942 387 2985 Α
508 2946 563 2984 21
598 2940 657 2998 μὴ
690 2941 817 2985 inser
842 2940 955 2986 Ma²

180 3023 376 3054 anms
392 3022 808 3055 ed.Foerstor.V11.
1372 3016 1428 3054 45
