2014 3158
253 130 363 182 540
685 130 954 189 [LIBANII]
987 130 1376 176 DECLAMATIO
1408 131 1532 175 XLV

251 267 527 335 πορνείας,
569 264 866 334 ἀσελγείας,
905 274 1155 334 πονηροῦ
1195 267 1337 334 βίου.
1377 268 1513 320 κατὰ
1551 266 1775 320 πάντων
1812 268 1945 322 ὑπό-

251 372 461 407 κεινται
499 352 710 423 γραφαὶ
749 352 840 407 καὶ
878 356 1146 407 κίνδυνοι.
1187 350 1273 424 ἀρ’
1315 351 1418 408 οὗν
1450 356 1577 408 οὔτε
1607 357 1950 427 πορνεύουσί

162 447 382 492 Rrv510
430 462 577 505 τινες
616 444 744 496 οὔτε
782 444 1140 513 μοιχεύουσιν
1175 443 1182 512 Ι
1215 442 1393 514 ἕτεροι
1440 442 1571 497 οὐδὲ
1622 444 1945 514 ἀχαριστοῦ-

253 546 345 585 σιν
392 534 708 602 ἅνθρωποι,
757 532 842 586 ὅτι
896 531 1074 585 δειναὶ
1120 532 1257 585 κατὰ
1306 542 1418 585 τῶν
1465 532 1843 602 ἁλισκομένων
1888 536 1950 587 αἱ

207 643 226 676 5
250 624 530 691 τιμωρίαις
570 625 781 674 πολλοῦ
821 641 884 689 γε
922 622 1031 690 μὴν
1069 622 1167 674 τὸν
1208 621 1340 690 ε’μὸν
1372 619 1442 674 ἂν
1475 621 1812 691 ἐτιμησάμην
1841 623 1947 676 θά-

250 729 421 763 νατον
459 710 734 776 τοσαύτην
775 709 1095 778 εὐεργεσίαν
1132 718 1198 780 τῇ
1236 712 1393 764 πόλει
1433 710 1693 780 φέροντα,
1734 713 1782 765 εἰ
1823 727 1946 765 τοσ-

251 806 419 852 οῦτον
457 798 763 852 ἀποθανὼν
801 804 998 868 ἴσχυον
1030 800 1101 862 ὡς
1131 798 1321 867 μηκέτι
1351 803 1567 852 πταίειν
1603 808 1786 854 ποιεῖν
1816 803 1945 863 τοὺς

250 887 498 958 ὕστερον.
552 888 639 940 22.
680 889 839 941 ἄνελε
884 891 1079 941 τοίνυν
1124 888 1214 941 καὶ
1261 890 1390 951 τοὺς
1428 887 1554 959 περὶ
1603 889 1816 942 τούτων
1854 892 1944 943 νό-

249 997 401 1046 μους.
440 979 496 1029 τί
531 978 636 1046 γὰρ
677 974 757 1030 ἔτι
794 975 989 1046 κέρδος
1027 985 1092 1047 τῇ
1123 979 1280 1030 πόλει
1313 974 1533 1031 ἔσονται
1566 977 1750 1031 οὐκέτι
1786 980 1946 1041 ὄντος

183 1088 227 1120 10
251 1074 349 1118 τοῦ
389 1068 740 1131 πταίσοντος;
781 1064 897 1119 ἀλλ’
946 1067 1044 1135 οὐχ
1086 1066 1228 1119 οὕτω
1268 1074 1439 1119 ταῦτα
1485 1065 1755 1135 πέφυκεν,
1808 1066 1946 1120 ἀλλὰ

250 1155 418 1223 φύσει
464 1153 556 1207 καὶ
601 1155 737 1225 τύχῃ
786 1152 1086 1225 διώρισται.
1140 1155 1205 1208 οὐ
1255 1156 1356 1225 γὰρ
1404 1163 1469 1226 τῇ
1516 1165 1629 1208 τῶν
1667 1166 1946 1226 τιμωριῶν

249 1242 530 1314 ὑπερβολῇ
578 1241 711 1297 οὐδὲ
757 1252 821 1314 τῇ
869 1253 981 1297 τῶν
1026 1246 1213 1313 νόμων
1260 1244 1453 1314 ἀπειλῇ
1507 1255 1838 1315 κακουργεῖν
1893 1247 1946 1298 οἱ

250 1334 473 1395 πλείους
521 1332 839 1402 ἀπέχονται,
891 1332 1030 1386 ἀλλὰ
1076 1340 1150 1406 τῷ
1191 1339 1581 1403 προαιρεῖσθαι
1631 1343 1945 1403 σωφρονεῖν

249 1421 340 1474 καὶ
378 1423 698 1490 βούλεσθαι.
739 1422 825 1475 23.
865 1430 1162 1491 τοιγαροῦν
1202 1422 1401 1491 εὐτυχῆ
1431 1426 1706 1489 καλοῦμεν
1745 1430 1944 1476 τοῦτον

183 1531 225 1565 15
249 1510 339 1563 καὶ
391 1511 585 1579 ὄλβιον
635 1511 737 1580 οὐχ
793 1511 859 1564 ὃν
914 1510 984 1564 ἂν
1037 1511 1243 1578 ἴδωμεν
1295 1513 1472 1580 μόνον
1524 1518 1943 1580 κακουργοῦντα

248 1598 446 1668 μηδέν,
494 1598 632 1653 ἀλλὰ
677 1600 767 1653 καὶ
816 1599 883 1653 ὃν
927 1600 1102 1670 μηδὲν
1147 1599 1484 1668 ἀδικηθῆναι
1537 1601 1944 1670 παρεσκεύασεν

249 1687 282 1756 ἡ
331 1687 493 1757 Τύχη.
545 1688 719 1751 οὕτως
759 1689 826 1742 οὐ
875 1690 967 1742 διὰ
1014 1691 1145 1751 τοὺς
1191 1688 1586 1756 ἁλισκομένους
1624 1687 1715 1741 καὶ
1754 1689 1944 1742 κινδυ-

249 1777 514 1839 νεύοντας
553 1779 918 1847 σωφρονοῦσί
951 1797 1115 1846 τινες,
1156 1777 1293 1830 ἀλλὰ
1325 1778 1418 1831 διὰ
1449 1779 1549 1846 τὴν
1581 1777 1811 1847 ἀρίστην
1841 1785 1942 1832 τοῦ

250 1868 376 1934 βίου
416 1867 691 1935 πρόθεσιν
731 1874 1090 1935 σωφρονοῦσι
1136 1867 1227 1919 καὶ
1274 1865 1551 1932 σώζονται.
1597 1873 1709 1919 ποῦ
1748 1867 1943 1920 τοίνυν

378 2002 399 2039 1
391 1997 541 2079 —Lyc
574 1997 731 2041 Leocr.
757 2002 891 2052 §130
916 2012 960 2054 p.
989 2002 1088 2051 130,
1108 2002 1163 2040 25
1189 1999 1236 2041 et
1260 2003 1329 2042 23.
1363 1997 1493 2042 Dem.
1526 1997 1707 2042 Phorm
1733 2012 1777 2054 p.
1797 2001 1897 2052 913,
1916 2002 1941 2040 6

371 2121 396 2158 ἴ)
436 2115 737 2174 ἐτιμησάμην]
772 2115 906 2168 ἄξιον
944 2115 1186 2173 ἡγησάμην
1210 2117 1256 2160 Ρ
1284 2115 1386 2160 Mor

371 2240 393 2278 1
429 2233 702 2279 ἀπόκεινται
727 2235 1016 2280 AthMaOlB
1047 2234 1150 2278 Mor
1182 2235 1263 2278 sed
1294 2234 1344 2278 in
1376 2234 1463 2278 hoc
1501 2252 1556 2291 γρ
1589 2232 1859 2278 ὑπόκεινται
1891 2234 1941 2276 in

249 2307 397 2351 marg,
415 2294 482 2337 Re
582 2299 606 2337 2
631 2292 940 2346 πορνεύσουσί
957 2295 1028 2408 θὺρ
1021 2298 1046 2337 3
1064 2293 1386 2360 μοιχεύσουσιν
1402 2294 1464 2338 Μ
1471 2295 1539 2338 Va
1642 2298 1667 2336 3
1693 2292 1939 2350 ἀχαριστή-

251 2367 410 2398 σουσιν
437 2353 784 2398 MAthMaGZB
797 2353 865 2398 Va
897 2355 999 2409 ety
1060 2353 1109 2396 in
1140 2367 1274 2410 marg
1297 2353 1398 2396 Mor
1519 2357 1544 2396 5
1579 2350 1638 2396 ἂν
1662 2366 1738 2395 om
1764 2355 1822 2397 M

253 2417 275 2455 7
303 2411 464 2471 ἴσχυον
486 2412 672 2469 reposui
697 2425 722 2455 e
745 2411 877 2455 libris
941 2411 1012 2469 ἴσχ
1014 2425 1102 2456 υσα
1127 2412 1218 2455 edd
1243 2411 1324 2455 sed
1350 2429 1402 2468 γρ
1428 2411 1587 2486 ἴσχυον
1612 2411 1661 2454 in
1684 2424 1818 2468 marg
1841 2411 1942 2455 Mor

370 2476 394 2514 9
420 2471 693 2540 γενῄσονται
712 2472 774 2515 Μ
781 2473 849 2515 Va
866 2473 913 2514 et
936 2488 990 2527 γρ
1016 2471 1064 2515 in
1088 2485 1222 2527 marg
1238 2471 1339 2514 Mor
1400 2469 1639 2526 γενήσεται
1655 2471 1841 2514 AthMa
1858 2470 1938 2514 sed

248 2530 298 2574 in
329 2532 418 2575 hoc
450 2548 470 2575 ε
502 2531 550 2574 in
583 2547 637 2575 ον
669 2543 770 2574 corr
800 2530 883 2585 m³,
911 2531 1009 2575 ΟῑΒ
1044 2531 1050 2588 Ι
1092 2529 1251 2587 μηκέτι
1282 2529 1525 2574 AthMan
1585 2527 1818 2585 μηκέτ’Β

254 2590 258 2648 Ι
293 2587 504 2642 τίνοντος
543 2589 646 2634 coni
678 2588 835 2633 Gasda
863 2591 869 2644 Ι
896 2588 1172 2639 πταίσοντος
1203 2588 1367 2644 scripsi
1427 2586 1676 2638 πταίοντος
1705 2588 1815 2632 libri
1846 2588 1938 2632 edd

370 2654 423 2692 12
458 2649 612 2707 <τοῦ>
644 2654 952 2704 κακουργεῖνὶ)
991 2650 1040 2691 ab
1079 2648 1139 2694 cf
1169 2663 1212 2704 p.
1240 2653 1324 2691 522
1457 2652 1509 2691 13
1541 2651 1602 2705 τῷ
1635 2662 1710 2691 om
1737 2650 1825 2692 Ma
1884 2647 1936 2691 τὸ
2013 2688 2014 2710 ³

252 2708 304 2752 Ol
427 2714 481 2752 14
512 2708 592 2752 καὶ
624 2707 876 2765 βούλεσθαι
907 2709 960 2750 ut
992 2707 1222 2782 glossema
1254 2707 1504 2750 delendum
1536 2708 1693 2750 οθηεοίῑ
1724 2706 1878 2749 Gauda

250 2766 554 2824 βουλεύεσθαι
579 2767 674 2811 Ath
808 2771 860 2808 15
895 2765 1002 2810 ὅλον
1033 2764 1114 2810 τὸν
1139 2765 1335 2822 μόνιμον
1366 2766 1415 2809 in
1446 2778 1580 2822 marg
1604 2767 1698 2810 Ath
1766 2767 1849 2839 οὐχ
1883 2781 1937 2809 ον

249 2825 393 2881 μηδεν
433 2828 723 2882 ἀδικηθῆναι
758 2823 902 2880 μόνον
933 2825 1274 2880 παρεσκεύασεν
1306 2824 1334 2880 ἡ
1365 2825 1500 2881 τύχη,
1531 2823 1646 2868 ἀλλὰ
1677 2822 1809 2868 καὶ“
1789 2841 1843 2868 ον
1877 2821 1935 2868 ἂν

250 2883 419 2940 ἴδωμεν
455 2890 807 2941 κακουργοῦντα
839 2882 984 2940 μηδέν
1018 2884 1174 2928 Gasda
1297 2887 1350 2927 18
1384 2881 1679 2939 σωφρονοῦσί
1708 2899 1830 2934 τινες
1861 2897 1934 2926 om

250 2943 312 2986 M
430 2948 483 2986 19
516 2944 638 2994 τινὲς
666 2945 774 2999 post
805 2951 1097 2997 σωφρονοῦσι
1119 2944 1182 2987 Μ
