2014 3158
337 126 528 172 AVARI
559 124 883 170 THESAURO
915 125 1164 170 PRIVATI
1194 126 1592 171 LAMENTATIO
1718 127 1822 180 733

125 265 186 317 τὸ
230 265 364 317 ὅλον
403 264 596 331 εἰπεῖν,
638 260 860 325 ἀσώτως
899 263 1001 331 τὴν
1041 272 1202 331 σφῶν
1245 263 1428 316 αὐτῶν
1475 261 1823 317 ε’κὸαπανῶν-

124 372 212 416 τες
260 353 403 421 ζωὴν
450 349 737 424 ἐπαινέτου
785 371 893 421 μου
947 354 1273 420 τετυχήκασι
1320 352 1560 418 πώποτε;
1613 356 1823 406 πολλοῦ

124 461 187 510 γε
226 439 316 494 καὶ
366 441 463 493 δεῖ.
511 450 628 503 πῶς
676 441 781 509 γὰρ
829 437 1086 509 ἔμελλον,
1134 440 1274 493 ὅπου
1321 460 1382 508 γε
1420 439 1511 494 καὶ
1550 442 1686 510 πρὸς
1724 442 1825 510 τὴν

124 532 258 593 ὄψιν
313 529 494 598 ἀηδῶς
550 529 832 598 διεκείμην
886 528 1083 597 αὐτήν;
1149 529 1233 581 12.
1274 531 1322 582 εἰ
1375 531 1479 599 γὰρ
1535 528 1686 583 ἔστιν
1737 531 1825 583 ὅτε

123 619 234 672 τινὶ
276 619 495 687 συμβὰν
542 618 686 671 οὕτω
734 616 826 671 καὶ
872 618 1246 687 περιτύχοιμι,
1285 617 1319 686 ἢ
1360 617 1551 688 ἑτέραν
1597 618 1824 687 ἐτραπό-
1871 641 1890 673 5

125 728 234 777 μην
282 706 526 775 εὐθὺςῆ
579 705 809 775 ἑτέρωσέ
857 724 954 759 ποι
1008 708 1139 770 τοὺς
1193 709 1524 777 ὀφθαλμοὺς
1573 705 1824 777 ἔτρεπον·

122 798 171 850 εἰ
219 795 280 850 δὲ
326 797 418 850 καὶ
464 805 560 866 τῆς
609 795 747 859 θέας
800 795 1144 865 ἀνασχοίμην
1191 795 1347 865 ποτέ,
1395 799 1590 875 βαβαί,
1629 798 1824 866 ἡλίκον

124 884 327 955 ἑώρων.
367 893 581 955 γαῦρον
611 885 701 938 καὶ
736 885 980 953 σοβαρὸν
1014 884 1331 949 ἀτενίζοντά
1362 883 1489 939 τινα
1519 887 1615 949 τὰς
1646 886 1824 955 ὀφρῦς

123 975 491 1041 ἀνεσπακότα,
539 975 958 1044 χρυσοπάστους
997 976 1377 1044 περικείμενον
1418 973 1678 1044 ἐσθῆτας,
1729 976 1824 1040 ζώ-
1916 1007 1919 1010 Δ

123 1082 230 1131 νην
283 1064 374 1116 καὶ
426 1064 524 1116 τὸν
569 1070 667 1131 τῆς
712 1062 1034 1133 Ἀφροδίτης
1079 1067 1262 1136 πολλῷ
1311 1070 1386 1136 τῷ
1434 1055 1580 1136 μέσῳ
1626 1065 1824 1117 κεστὸν
1848 1088 1891 1119 ιο

122 1152 612 1221 ὑπερβάλλουσαν,
670 1158 857 1224 χρυσῷ
913 1154 1344 1222 περιρρεόμενον
1405 1153 1690 1206 πάντοθεν
1751 1154 1825 1216 ὡς

123 1239 252 1310 μηδ’
290 1240 555 1305 ἀτενίζειν
593 1239 794 1304 ἐξεῖναι
835 1242 1054 1304 τούτοις
1086 1240 1496 1310 ἀσκαρδαμυκτὶ
1533 1244 1826 1313 περιουσίᾳ

123 1332 537 1398 στιλπνότητος,
600 1330 667 1383 ὃν
720 1332 928 1399 τρόπον
982 1329 1104 1384 οὐδ’
1164 1330 1299 1402 ἡλίῳ
1363 1332 1459 1393 τὰς
1517 1333 1672 1395 ὄψεις
1734 1330 1824 1384 ἀν-

124 1418 257 1487 έδην
289 1413 617 1485 ἐπιβάλλειν
640 1420 914 1488 ἰσχύομεν.
954 1418 1083 1491 τῷδ’
1122 1418 1182 1472 ἐκ
1214 1428 1392 1489 ψυχῆς
1424 1419 1826 1490 ἀπηχθανόμην

123 1507 291 1576 ὁμῶς
336 1506 543 1561 Ἀΐδαο
589 1509 844 1578 πύλῃσι.
896 1509 952 1561 τί
1003 1509 1107 1578 γὰρ
1164 1505 1278 1562 ἔδει
1331 1509 1600 1578 τοσαύτης
1653 1514 1822 1562 πολυ-
1848 1532 1889 1564 1⁵

123 1598 330 1659 τελείας
393 1594 516 1659 ἐξὸν
578 1597 806 1660 εὐώνοις
859 1600 1224 1667 περιβλήμασι
1278 1598 1380 1667 τὴν
1441 1600 1631 1667 χρείαν
1692 1597 1824 1652 ἀπο-

130 1683 415 1753 ξπληροῦν;
1599 1692 1746 1737 Bois&
1763 1708 1807 1750 p.
1829 1698 1912 1737 169

239 1774 320 1826 13.
359 1772 497 1827 Ἀλλ’
542 1774 684 1828 οὕτω
724 1775 827 1842 μὲν
866 1775 1029 1838 αὐτὸς
1068 1777 1243 1844 βιούς,
1289 1776 1432 1829 οὕτω
1470 1774 1517 1828 δ’
1559 1775 1824 1846 ἀποστόρ-

124 1882 235 1930 γως
273 1861 415 1932 ἔχων
445 1872 557 1916 τῶν
594 1864 743 1934 παρὰ
781 1866 924 1917 πολὺ
964 1873 1079 1926 τοῖς
1119 1863 1271 1934 ἐμοῖς
1309 1866 1532 1932 τρόποις
1575 1866 1646 1933 μὴ
1688 1880 1823 1934 συμ-

125 1954 435 2020 βαινόντων
482 1954 560 2016 εἰς
607 1953 671 2006 ἓν
717 1952 940 2023 ἀγείρας
992 1954 1090 2006 τὸν
1143 1954 1560 2007 πολυτάλαντον
1611 1953 1825 2008 ἐκεῖνον
1847 1977 1891 2009 20

125 2042 337 2110 χρυσὸν
360 2042 596 2111 μηδενὸς
620 2042 880 2112 ὁρῶντος,
905 2043 1141 2112 μηδενὸς
1165 2044 1643 2111 συγγινώσκοντος
1667 2062 1823 2096 κατα-

123 2131 364 2183 πιστεύω
405 2138 470 2201 τῇ
510 2139 579 2201 γῇ
620 2132 713 2184 ἅτε
747 2133 849 2201 τὴν
887 2141 1000 2185 τῶν
1038 2134 1314 2200 κιβωτίων
1353 2131 1455 2185 οὐκ
1494 2132 1824 2201 ἀποχρῶσαν

124 2218 464 2286 ἡγησάμενος
519 2222 799 2289 φυλακήν,
854 2219 1079 2291 προσέτι
1136 2219 1226 2274 καὶ
1282 2230 1345 2291 τῇ
1400 2229 1512 2274 τῶν
1557 2222 1824 2288 γειτόνων

247 2414 268 2452 1
304 2409 360 2453 cf.
393 2424 438 2466 p.
465 2414 567 2464 256,
587 2414 641 2453 18
775 2415 798 2453 ’1
834 2410 890 2455 cf.
924 2413 958 2455 t.
986 2410 1047 2454 VI
1073 2415 1173 2464 656,
1192 2417 1217 2454 4
1349 2415 1373 2454 9
1407 2411 1514 2454 Luc.
1548 2410 1738 2454 Icarom.
1766 2416 1820 2454 29

246 2473 300 2512 10
331 2468 383 2512 11.
417 2469 439 2521 ξ
465 2473 551 2512 214
569 2484 635 2525 sq.
760 2475 812 2514 11
847 2470 905 2514 cf.
929 2485 974 2527 p.
1001 2474 1102 2526 693,
1122 2476 1172 2513 11
1301 2475 1352 2514 12
1388 2484 1455 2525 sq.
1488 2469 1596 2514 Luc.
1628 2469 1820 2515 Icarom.

127 2531 181 2569 14
307 2532 361 2570 15
394 2527 432 2570 Il
465 2545 481 2571 ι
513 2532 620 2581 3123
654 2527 740 2573 Od.
774 2530 796 2582 ξ
832 2534 915 2573 156

247 2679 300 2718 15
334 2673 582 2731 σημείωσαι
604 2673 855 2734 Ὁμηρικόν
880 2677 945 2722 P'

246 2827 271 2866 9
303 2822 650 2881 χρησοπάστους
674 2825 720 2868 P
791 2839 893 2869 corr
923 2825 1055 2869 Boiss
1180 2830 1232 2868 12
1266 2824 1466 2882 τούτοις]
1498 2824 1616 2880 πρὸς
1647 2824 1821 2869 αὐτὸν.)

247 2886 299 2924 13
335 2882 668 2938 στυλπνότητος
692 2885 737 2927 Ρ
795 2898 898 2928 corr
919 2884 1052 2928 Boiss
1177 2889 1230 2927 15
1264 2899 1308 2927 τι
1333 2885 1378 2927 Ρ
1436 2897 1539 2927 con·
1568 2883 1713 2927 Boiss.
1737 2914 1764 2944 0

130 2944 182 2984 19
215 2943 462 2995 παραπολὺ
488 2943 534 2986 Ρ
560 2941 693 2986 Boiss
