2044 3168
392 117 565 164 LEGIS
598 117 841 163 CONTRA
871 115 1232 162 ADULTEROS
1266 115 1475 160 SUASIO
1678 115 1783 173 297

95 255 201 323 γὰρ
255 253 345 308 καὶ
391 255 628 323 μηδενὸς
676 254 933 307 τοιούτου
986 251 1552 323 προεισενηνεγμένου
1607 247 1785 320 νόμου

97 345 322 406 δικαίως
361 342 430 396 ἂν
468 343 607 412 ὑπὲρ
640 343 1005 412 σωφροσύνης
1036 339 1259 409 ἔθεσθε,
1298 349 1498 394 τοῦτον
1537 340 1788 409 ἡγούμην

95 431 236 501 ὑμᾶς
281 431 630 501 ἑτοιμότερον
674 433 1055 500 προσήσεσθαι
1109 430 1340 482 διδόντα
1391 438 1506 492 τοῖς
1554 449 1786 497 γεγαμη-

94 523 219 574 κόσι
257 522 394 574 κατὰ
432 530 544 573 τῶν
581 530 791 589 μοιχῶν
830 518 863 571 ἃ
901 527 1015 581 τοῖς
1061 526 1288 587 γονεῦσι
1335 518 1469 570 κατὰ
1517 528 1628 571 τῶν
1665 521 1787 571 παιὲ

96 609 213 662 δων
248 610 536 663 δεδώκατε.
1836 627 1856 660 ⁵

205 698 256 752 4.
305 699 381 751 Τὰ
420 698 522 766 μὲν
560 692 664 750 οὖν
704 698 841 749 ἄλλα
879 697 1118 749 πιστεύω
1166 697 1266 750 τὸν
1310 697 1487 763 νόμον
1535 691 1596 748 εὖ
1643 693 1788 764 ἔχειν

95 786 295 853 δόξειν,
336 789 616 855 φοβοῦμαι
658 782 720 838 δὲ
758 784 837 853 ἕν,
877 782 919 838 ὦ
961 785 1160 855 ἄνδρες
1200 785 1466 852 δικασταί,
1504 787 1678 851 μόνον
1716 791 1787 852 μὴ

93 875 156 929 τὸ
196 875 294 928 τὸν
332 871 434 943 μὲν
473 874 762 944 γράφοντα
801 872 933 927 νεόν
971 893 1028 926 τε
1068 870 1211 926 εἶναι
1250 874 1339 926 καὶ
1370 874 1559 940 παῖδα,
1596 874 1696 926 τὸν
1727 870 1788 926 δὲ

93 962 451 1031 ἀντιλέγοντα
489 963 864 1031 πρεσβύτερόν
902 982 960 1015 τε
999 963 1089 1016 καὶ
1120 962 1326 1031 πατέρα
1357 963 1534 1031 βλάβη
1568 960 1788 1031 γένηται

92 1061 208 1115 τοῖς
248 1052 433 1122 ὀρθῶς
471 1050 880 1119 γεγραμμένοις.
921 1049 1039 1105 ἀλλ’
1079 1048 1266 1119 εί-μὲν
1306 1052 1379 1120 μὴ
1410 1053 1649 1114 πολλοὺς
1686 1051 1788 1120 μὲν
1813 1072 1855 1104 ιο

92 1142 198 1210 ἤδη
236 1138 645 1210 πρεσβυτέρους
685 1138 970 1208 ἑωράκειτε
1011 1141 1077 1193 τὰ
1115 1150 1228 1203 τῶν
1266 1139 1411 1193 νέων
1446 1139 1788 1208 ἁμαρτάνον-

91 1250 203 1298 τας,
242 1230 484 1291 πολλοὺς
523 1229 585 1282 δὲ
623 1227 924 1297 νεωτέρους
962 1232 1185 1282 πολλῶν
1225 1230 1453 1297 ἄμεινον
1490 1227 1787 1296 πρεσβυτέ-

93 1337 210 1387 ρων
248 1317 547 1387 εὑρηκότας
584 1318 646 1370 τὸ
687 1316 834 1386 δέον,
873 1321 1053 1380 καλῶς
1092 1316 1161 1370 ἂν
1210 1317 1487 1371 ἐποιεῖσθε
1526 1319 1624 1371 τὸν
1663 1320 1787 1386 χρό-

91 1426 196 1459 νον
242 1408 456 1476 κριτήν·
513 1405 627 1459 ἐπεὶ
675 1403 736 1459 δὲ
784 1407 839 1460 αἱ
888 1407 1086 1475 φύσεις
1134 1407 1483 1476 ἰσχυρότεραι
1525 1414 1630 1460 τοῦ
1676 1416 1787 1459 τῶν

94 1495 233 1549 ἐτῶν
272 1494 543 1564 ἀριθμοῦ,
590 1497 647 1549 τί
688 1496 1018 1562 θαυμαστὸν
1068 1497 1117 1549 εἰ
1155 1494 1247 1548 καὶ
1286 1497 1462 1564 πατὴρ
1504 1495 1788 1565 ἐκφέρεται
1813 1516 1855 1550 1⁵

214 1661 269 1700 14
300 1656 434 1699 Pind.
470 1654 538 1699 Ol.
567 1655 609 1698 V
634 1660 705 1700 24.
739 1655 856 1700 Stat.
890 1655 989 1700 silv.
1023 1655 1065 1699 V
1097 1661 1138 1711 2,
1158 1660 1211 1700 13

215 1808 238 1847 1
271 1803 495 1848 τοσούτου
526 1803 629 1847 Mor
732 1802 1208 1861 παρεισενηνεγμένον
1236 1806 1324 1849 Μα
1356 1805 1437 1849 sed
1471 1821 1524 1859 ρο
1557 1817 1697 1861 supra
1729 1821 1787 1858 αρ

91 1862 178 1918 m',
213 1863 264 1909 Ol
337 1876 658 1938 xoeosvnvsya
683 1879 767 1907 νου
792 1864 960 1908 Lawrl
1032 1864 1496 1920 συνεισενηνεγμένου
1523 1864 1583 1907 M
1617 1863 1698 1907 sed
1729 1881 1788 1921 ην

91 1922 216 1966 inser
238 1936 270 1980 y
413 1927 438 1966 2
479 1923 673 1972 δικαιως
713 1919 792 1981 ἂν]
825 1922 1158 1975 δικαιώσαντες
1191 1923 1353 1967 Iacobs
1393 1923 1508 1967 Lecf,
1538 1925 1643 1979 App
1675 1923 1787 1966 Pors

93 1986 179 2026 328
229 1983 236 2039 Ι
286 1980 488 2026 ἔθεσθαι
521 1982 756 2026 MoMaCl
794 1981 876 2026 sed
914 1981 965 2025 in
1004 1981 1178 2027 ἔθεσθε
1216 1996 1318 2027 corr
1348 1982 1551 2027 MoMa²
1627 1982 1788 2027 ἔσεσθε

91 2042 127 2084 Ι
195 2041 386 2086 ἔσεσθαι
409 2041 543 2085 Lam·
687 2045 712 2084 3
744 2041 825 2084 καὶ
857 2042 967 2084 ante
998 2041 1117 2098 ὑμᾶς
1143 2043 1206 2086 Μ
1242 2044 1249 2099 Ι
1283 2041 1404 2099 ἡμᾶς
1434 2041 1536 2086 Mor
1581 2044 1587 2098 Ι
1630 2041 1788 2095 προσί-

93 2103 234 2145 εσθαι
272 2114 378 2144 cum
415 2114 491 2144 ras
535 2105 557 2143 1
592 2099 671 2143 litt
708 2102 816 2156 post
849 2102 994 2156 ι(1)Ι
1132 2105 1158 2143 6
1189 2106 1244 2157 τῆ
1278 2102 1361 2157 μὲν
1394 2098 1479 2146 οὖν
1511 2100 1622 2157 ἄλλη
1648 2102 1788 2145 ΗΜο

93 2160 176 2204 sed
213 2159 265 2203 in
302 2159 393 2203 hoc
432 2175 502 2209 οις
543 2173 686 2216 supra
717 2165 746 2215 ῆ
780 2161 829 2203 et
858 2174 1000 2216 supra
1029 2177 1058 2216 η
1109 2162 1115 2215 1
1166 2156 1217 2204 εὖ
1244 2186 1297 2192 -
1331 2165 1354 2203 7
1388 2159 1534 2217 μόνον
1573 2159 1623 2203 in
1654 2174 1789 2216 marg

94 2217 204 2264 Mo'
347 2222 371 2261 7
413 2217 568 2271 δόξειν
600 2218 767 2275 scripsi
798 2232 854 2263 ex
878 2218 1040 2263 HMo'
1070 2219 1153 2262 sed
1184 2219 1234 2262 in
1272 2220 1360 2263 hoc
1390 2236 1419 2276 η
1453 2233 1595 2276 supra
1625 2235 1717 2274 ειν,
1742 2221 1788 2263 Β

152 2275 287 2330 δόξαι
313 2277 689 2323 MMaOlLaer
715 2277 806 2322 edd
849 2280 855 2334 Ι
899 2277 948 2322 ἓν
979 2278 1105 2322 inser
1130 2277 1242 2323 Mas
1303 2293 1379 2323 om
1406 2279 1459 2323 Ol
1491 2281 1498 2334 Ι
1534 2279 1594 2334 μὴ
1621 2279 1674 2323 ΟΖ
1705 2279 1786 2323 sed

91 2353 122 2393 η
154 2351 257 2381 corr
277 2337 348 2380 m³
467 2341 494 2380 8
526 2337 578 2380 τὸ
603 2336 769 2393 scripsi
793 2351 849 2380 ex
872 2337 1106 2382 HMoMa
1128 2337 1211 2382 sed
1234 2337 1284 2380 in
1306 2337 1395 2381 hoc
1420 2339 1443 2382 ὸ
1468 2338 1515 2381 in
1544 2354 1578 2380 ω
1604 2351 1716 2390 corr,
1736 2338 1790 2383 Ol

94 2395 177 2440 sed
209 2393 234 2440 ὸ
266 2409 322 2440 ex
354 2403 389 2439 ὦ
422 2409 524 2440 corr
554 2396 639 2451 m⁸‚
664 2397 710 2440 Β
784 2403 846 2440 τῶ
881 2397 943 2440 Μ
971 2396 1053 2440 sed
1084 2403 1119 2440 ῶ
1150 2397 1201 2440 in
1233 2396 1253 2441 ὲ
1286 2410 1388 2441 corr
1417 2412 1468 2454 y,
1502 2397 1673 2441 LaurI
1697 2397 1783 2440 edd

97 2455 104 2513 Ι
142 2452 191 2498 δ’
220 2455 311 2499 Μα
446 2459 471 2498 9
503 2453 746 2512 γεγένηται
770 2456 829 2500 Η
883 2455 1123 2511 γενήσεται
1146 2457 1182 2500 I
1311 2461 1366 2500 10
1398 2455 1713 2513 γραφομένοις
1737 2457 1794 2500 H

98 2514 320 2559 MoLaur
346 2517 352 2570 Ι
379 2512 465 2570 μὲν
476 2516 537 2571 (2)
563 2527 637 2557 om
663 2514 717 2558 H
835 2519 887 2557 11
914 2514 1146 2571 ἑωράκητε
1163 2515 1220 2558 Η
1277 2514 1510 2570 ἑωράκατε
1529 2516 1662 2559 ΜΙΒ
1686 2515 1789 2559 Mor

99 2573 104 2631 Ι
138 2570 296 2629 νόμων
314 2573 399 2617 Mo
522 2578 575 2617 12
601 2574 684 2629 μὲν
705 2574 789 2617 Mo
814 2573 895 2618 sed
919 2573 971 2618 δὲ
997 2587 1213 2630 suprascr
1235 2573 1305 2617 m²
1427 2579 1480 2617 14
1506 2575 1605 2619 ἐπεὶ
1622 2574 1786 2629 scripsi

96 2646 152 2675 ex
176 2631 503 2677 HMoMaOzl
555 2632 714 2688 ἐπειδὴ
740 2633 982 2677 MLaurB
1006 2633 1132 2706 edd)
1159 2632 1210 2677 αἱ
1242 2633 1405 2688 φύσεις
1429 2659 1483 2666 -
1510 2638 1610 2686 298,
1631 2639 1652 2675 1
1717 2632 1786 2677 έλ-

93 2707 193 2734 τιον
222 2690 490 2747 praemissis
522 2691 675 2735 verbis
706 2696 788 2746 τῆς
811 2690 995 2748 μελέτης
1018 2691 1068 2736 ἐν
1101 2710 1130 2751 ῃ
1161 2699 1273 2744 παῖς
1297 2692 1377 2737 διὰ
1401 2692 1452 2736 τὸ
1478 2691 1638 2748 φήμην
1664 2707 1684 2735 ε
1707 2709 1786 2735 ναι

97 2757 307 2795 συνεῖναι
336 2757 392 2808 τῇ
425 2751 611 2807 γυναικὶ
641 2748 724 2794 τὸν
754 2748 934 2805 πατέρα
958 2748 1104 2806 νόμον
1127 2750 1285 2807 τίθησι
1314 2752 1423 2802 τοὺς
1445 2752 1633 2808 μοιχοὺς
1656 2750 1787 2803 ἀκρί-

95 2824 184 2859 τως
207 2809 570 2854 ἀποκτειννύναι
595 2809 712 2853 citat
735 2809 968 2853 Macarius
993 2808 1207 2866 Chrysoc.
1232 2809 1299 2854 fol
1318 2814 1392 2854 '78¹'
1514 2816 1567 2853 15
1599 2808 1643 2852 τί
1665 2813 1786 2854 θαυ-

97 2867 292 2926 μαστὸν]
326 2865 441 2912 ὅθεν
480 2868 590 2912 οὐδὲ
630 2868 908 2924 θαυμαστὸν
939 2867 1099 2912 Macar
1144 2870 1150 2928 Ι
1200 2870 1280 2913 καὶ
1311 2868 1482 2926 πατὴρ]
1516 2868 1667 2924 πατὴρ
1702 2869 1786 2924 μὲν

95 2926 314 2976 πολλάκις
343 2926 502 2970 Macar
