2014 3158
338 111 478 156 FILII
509 110 870 156 INSIDIARUM
903 110 1005 154 REI
1035 109 1262 154 MORTIS
1293 108 1533 154 ΡΕΤΙΤῙΟ
1687 109 1794 162 713

357 195 385 221 Ο

98 247 149 302 δ’
188 247 259 302 ἂν
298 249 520 311 εἰκότως
558 247 784 300 κάκεῖνά
821 266 929 314 μου
963 245 1239 313 λέγοντος·
1279 245 1644 313 ὀργιζέσθω
1684 242 1801 312 μὲν

96 336 202 390 καὶ
235 335 619 406 λαμβανέτω
654 336 867 403 δίκην,
893 333 1244 403 ἐπειδήπερ
1277 335 1613 403 βούλεται,
1639 334 1800 387 ἀλλὰ

96 429 330 494 παίων,
370 424 531 478 ἀλλὰ
567 425 915 494 μαστίζων,
948 422 1081 476 ἀλλ’
1120 423 1617 491 ἀποκηρύττων,
1657 421 1802 476 ἀλλ’

97 514 462 579 ἐξελαύνων
517 522 630 583 τῆς
680 514 916 580 οἰκίας,
970 513 1025 564 εἰ
1071 509 1138 564 δὲ
1187 512 1302 565 οὐκ
1349 511 1532 581 ἀρκεῖ
1577 519 1798 582 τοῦτο,

96 612 207 673 τῆς
244 605 505 666 πόλεως.
549 607 660 671 ζῆν
698 604 902 670 μόνον
949 599 1371 670 ἐπιτρεψάτω.
1426 596 1575 654 ταῦτ’
1622 600 1795 670 ὀργὴν
1843 623 1863 657 5

97 692 167 746 ἂν
208 692 379 746 ἐποίει
418 693 659 760 δικαίαν,
700 690 787 744 ἐπὶ
826 691 1044 752 τούτοις
1091 691 1160 743 ἄν
1207 710 1289 753 τις
1329 691 1548 752 εἰκότως
1593 690 1796 758 ἠγανα-

97 801 226 835 κτει.
292 781 377 833 24.
417 788 524 834 νῦν
565 778 617 833 δ’
663 780 795 850 ὁρᾷς
842 780 914 842 ὡς
961 779 1092 832 ὅτου
1141 781 1457 847 δεινότερον
1505 775 1674 832 οὐδὲν
1720 781 1797 842 εἰς

97 873 361 939 τιμωρίας
401 872 570 937 λόγον
611 868 884 938 εὑρῆσθαι
924 869 1098 937 δοκεῖ,
1147 870 1202 921 τί
1239 870 1345 937 γὰρ
1387 867 1467 921 ἂν
1496 867 1576 935 εἴη
1619 869 1797 922 δεινό-

97 977 262 1028 τερον
307 966 407 1011 τοῦ
455 956 640 1027 μηκέτ’
687 954 829 1011 εἶναι
868 954 993 1025 μηδ’
1041 957 1343 1010 ἀπολαύειν
1389 957 1551 1026 ἡλίου
1597 976 1665 1010 τε-
1705 955 1796 1010 καὶ

97 1057 210 1101 τῶν
265 1049 447 1102 ἄλλων
504 1043 583 1100 ὧν
628 1047 657 1101 ὁ
697 1047 831 1109 θεὸς
886 1047 1322 1116 ἐδημιούργησεν
1376 1046 1630 1115 ἀγαθῶνς
1685 1046 1791 1098 ὑπὸ
1819 1069 1864 1102 ιο

97 1140 295 1190 τοίνυν
333 1144 498 1190 τοῦτο
538 1137 600 1190 τὸ
634 1137 958 1189 δεινότατον
998 1134 1138 1189 ἑκὼν
1168 1133 1407 1205 ἔρχομαι.
1450 1134 1793 1202 ἀποτεμνέτω

97 1247 205 1295 μου
253 1228 354 1295 τὴν
399 1225 648 1295 κεφαλὴν
694 1224 723 1278 ὁ
770 1227 964 1295 πατήρ.
1021 1226 1068 1278 εἰ
1123 1221 1227 1278 οὖν
1274 1225 1407 1295 ὅπερ
1447 1223 1588 1293 <ὂὲν>
1627 1223 1798 1286 ἁλοὺς

97 1312 356 1384 ἔπασχον,
395 1322 560 1368 τοῦτο
601 1313 817 1383 ἕτοιμος
855 1313 946 1367 καὶ
986 1316 1092 1384 πρὸ
1129 1322 1224 1383 τῆς
1265 1315 1420 1381 δίκης
1456 1318 1681 1381 παθεῖν,
1719 1315 1798 1366 τί-

97 1424 211 1470 νος,
251 1403 372 1457 εἰπέ
408 1424 518 1472 μοι,
558 1405 656 1457 τὸν
693 1403 901 1472 πατέρα
942 1403 1251 1472 ἀποστερῶ;

210 1492 296 1545 25.
338 1493 580 1560 Νόμος,
622 1494 819 1561 φησίν,
859 1491 996 1546 ἐστὶ
1046 1499 1128 1564 τῷ
1168 1490 1361 1560 πατρὶ
1412 1493 1642 1554 διδοὺς
1684 1492 1796 1545 τὸν
1822 1513 1865 1547 1⁶

99 1582 302 1635 αὑτοῦ
348 1582 637 1634 κτείνειν
684 1581 977 1650 ἄκριτον,
1027 1583 1081 1635 εἰ
1126 1583 1462 1650 βούλοιτο,
1509 1582 1588 1650 μὴ
1644 1584 1796 1650 βου-

99 1672 383 1737 λόμενον
423 1667 493 1723 δὲ
532 1670 650 1723 οὐκ
689 1669 1132 1739 ἐπαναγκάζει.
1187 1675 1378 1733 καλῶς.
1419 1670 1628 1723 οὐκοῦν
1667 1667 1797 1723 οὐδὲ

97 1766 206 1812 νῦν
254 1758 282 1812 ὁ
330 1760 497 1827 νόμος
552 1759 875 1827 ἀναγκασει,
931 1757 1050 1813 αλλ’
1095 1759 1124 1813 ὃ
1170 1759 1272 1826 μὲν
1319 1758 1348 1812 6
1393 1761 1562 1826 νόμος
1614 1758 1794 1821 αὐτός
1827 1761 1857 1812 †

97 1850 448 1916 βουληθῆναι
497 1844 557 1901 δε
598 1847 627 1901 ὁ
666 1857 795 1911 παῖς
838 1849 931 1901 διὰ
977 1856 1076 1901 τοῦ
1125 1849 1302 1917 δήμου
1342 1853 1665 1914 παρακαλεῖ·
1715 1849 1796 1910 τίς

100 1932 204 1990 οὖν
243 1934 450 2005 γένοιτ’
495 1957 565 1990 αν
604 1938 877 2006 ὠμότερος
922 1947 1035 1990 τῶν
1080 1937 1386 2005 ἀντιλέγειν
1425 1935 1796 2007 πειρωμένων
1821 1959 1865 1993 80

100 2027 155 2078 οἳ
194 2026 482 2094 φθονοῦσί
519 2045 614 2094 μοι
654 2027 869 2095 ταχείας
907 2030 1183 2094 τελευτῆς;

220 2162 241 2199 1
277 2155 472 2201 κάκεῖνα
504 2156 668 2213 scripsi
731 2155 886 2202 ἐκεῖνοὶ
911 2156 1017 2200 libri
1044 2157 1127 2201 sed
1151 2175 1181 2201 α
1206 2171 1262 2202 ex
1286 2174 1337 2207 ος
1362 2171 1463 2201 corr
1489 2156 1594 2212 Va',
1611 2156 1678 2199 Re

100 2220 126 2259 3
160 2214 290 2274 ἀλλὰ]
324 2216 405 2260 καὶ
431 2217 519 2260 Μα
546 2219 552 2271 Ι
579 2224 812 2274 μαστιγῶν
832 2218 923 2261 Μα
954 2216 1035 2260 sed
1068 2230 1169 2261 corr
1192 2217 1263 2260 111²
1382 2221 1409 2259 4
1442 2214 1486 2260 δ’
1510 2218 1555 2260 Α
1582 2219 1588 2272 Ι
1617 2230 1798 2265 comma.

98 2275 276 2319 inserui
300 2276 386 2319 eB
450 2288 525 2318 om
555 2275 725 2331 reliqui
756 2275 867 2319 libri
898 2277 966 2320 Re
1102 2282 1126 2319 5
1159 2282 1240 2332 τῆς
1270 2274 1446 2327 πόλεως
1476 2275 1601 2318 inser
1627 2274 1738 2320 Ma'

100 2347 177 2378 om
197 2334 249 2379 Cl
371 2339 397 2378 6
428 2350 498 2385 τις
522 2348 598 2378 om
615 2336 752 2380 AMa
777 2336 786 2394 Ι
813 2334 1089 2392 ἠγανάκτεις
1106 2337 1151 2379 Α
1274 2339 1296 2377 7
1332 2336 1392 2385 ὡς
1417 2336 1526 2378 ante
1546 2334 1664 2407 ὁρᾷς
1685 2334 1796 2378 libri

100 2394 169 2438 Re
231 2392 384 2437 delevi
505 2398 532 2436 8
562 2392 785 2450 τιμωρίας
811 2396 899 2440 Μα
923 2394 1004 2438 sed
1031 2411 1053 2446 ς
1076 2394 1125 2438 in
1156 2407 1232 2438 ras
1264 2394 1334 2438 m²
1394 2391 1618 2450 τιμωρίαν
1642 2394 1693 2438 Ol
1719 2396 1726 2450 Ι
1752 2392 1799 2438 τί

101 2478 156 2485 —-
185 2457 239 2495 10
272 2452 470 2526 ἀγαθῶν
496 2452 613 2496 citat
635 2453 869 2498 Macarius
893 2453 973 2498 fol.
1005 2457 1059 2496 78
1083 2453 1331 2511 (Villoison
1364 2455 1411 2497 et
1434 2452 1626 2496 Reiskia
1655 2452 1705 2497 11.
1729 2453 1798 2510 11.)

103 2512 108 2570 Ι
143 2511 189 2556 τί
220 2510 308 2568 γὰρ
342 2528 402 2555 αν
435 2510 522 2570 εἴη]
549 2511 690 2556 οὐδὲν
714 2513 874 2557 Macar
901 2515 907 2570 Ι
934 2512 1072 2563 τίςΒ
1194 2517 1218 2556 9
1253 2512 1312 2569 μὴ
1341 2510 1386 2556 δ’
1418 2513 1603 2556 ΑΜαΒ
1629 2513 1636 2567 1
1663 2509 1797 2568 ἡλίου

99 2570 287 2637 reposui
313 2584 338 2614 e
362 2570 495 2614 libris
521 2585 627 2614 cum
649 2572 860 2616 Iacobsio
889 2575 938 2616 et
962 2572 1143 2615 Sinteni
1205 2570 1335 2628 ἥλιόν
1359 2571 1427 2615 Re
1551 2577 1602 2614 11
1636 2569 1798 2616 τοίνυν

99 2628 224 2673 inser
249 2629 361 2674 Μιι2
484 2635 537 2674 12
563 2647 624 2675 αν
646 2630 823 2675 inserui
885 2645 960 2676 om
983 2631 1093 2675 libri
1109 2631 1176 2674 Re
1300 2635 1353 2674 13
1377 2627 1519 2674 τοῦθ’
1540 2630 1677 2675 ΑΜα

103 2694 157 2732 15
192 2686 284 2732 ἐστι’
310 2702 423 2744 φησι
447 2689 641 2734 ΜαΟΖΒ
765 2695 819 2734 16
851 2692 996 2735 αὐτοῦ
1020 2690 1129 2734 libri
1155 2690 1222 2733 Re
1346 2694 1398 2732 17
1434 2690 1519 2733 οὐκ
1542 2688 1668 2732 inser
1685 2689 1798 2734 Ma'

106 2748 110 2806 Ι
147 2748 320 2792 οὐκοῦν
353 2762 429 2791 om
460 2749 527 2792 Va
590 2750 675 2793 οὐκ
707 2746 792 2793 οὖν
818 2751 938 2794 Mon
970 2750 1037 2793 Re
1161 2754 1214 2792 18
1256 2747 1297 2806 ὃ]
1334 2747 1358 2792 6
1385 2749 1601 2793 MaBVa
1628 2750 1635 2804 Ι
1664 2748 1687 2792 6
1720 2762 1798 2793 om

109 2807 228 2851 VaB
255 2809 262 2863 Ι
292 2807 347 2850 οὐ
379 2807 544 2851 κωλύει
575 2811 683 2863 post
713 2808 854 2859 αὐτός
883 2809 1182 2852 inserendum
1208 2807 1312 2851 coni
1343 2807 1507 2851 Iacobs
1538 2807 1715 2864 Lect(„
1718 2808 1799 2853 sed

102 2867 171 2910 vel
201 2867 267 2910 sic
290 2867 504 2921 apodosis
530 2867 673 2910 deest“
679 2869 694 2922 >
756 2882 867 2910 num
891 2866 1032 2923 νόμος
1056 2864 1264 2920 δίδωσιν,
1290 2866 1429 2917 αὐτὸς
1458 2866 1641 2920 ποιήσει
1657 2870 1678 2910 9

105 2929 157 2967 19
191 2923 337 2981 νόμου
361 2925 406 2968 Α
550 2929 607 2969 20
647 2925 920 2983 δυναμένων
958 2928 1022 2972 Va
1054 2925 1136 2969 sed
1167 2943 1222 2981 γρ
1255 2924 1551 2992 πειρωμένων
1582 2925 1631 2969 in
1662 2938 1799 2983 marg
