1986 3158
855 106 1197 151 PRAEFATIO
1774 106 1879 150 XIII

181 247 314 295 ihrer
338 247 475 295 Teile
500 245 624 294 wird
655 246 816 295 nichts
842 249 1030 310 gesagt.
1078 247 1194 295 Und
1218 247 1343 295 doch
1367 248 1505 296 hatte
1532 249 1639 296 eine
1663 247 1876 309 knappe,

176 322 342 385 jedem
375 319 531 369 Stiick
562 320 1023 384 vorausgeschickte
1047 320 1266 383 Analyse
1298 322 1436 369 nicht
1467 339 1560 370 nur
1591 321 1685 369 den
1708 321 1877 369 Histo-
1905 322 1912 330 ‘

181 396 372 456 rikern,
410 394 489 443 die
521 395 614 442 den
646 393 881 444 Libanios
913 396 987 444 als
1021 394 1195 451 Quelle
1237 395 1481 443 benutzen
1519 401 1737 457 miissen‚
1778 395 1877 443 viel

185 471 293 520 Zeit
326 471 532 532 erspart,
564 469 775 517 sondern
809 469 936 518 auch
969 469 1055 516 der
1086 470 1424 518 rhetorischen
1449 470 1736 533 Forschung
1768 471 1876 516 eine

183 544 439 594 wertvolle
481 543 748 591 Vorarbeit
794 542 1049 607 geboten.“
1103 542 1174 591 At
1221 544 1372 592 editio
1419 560 1529 592 mea
1577 544 1749 592 critica
1789 546 1875 592 est.

184 618 553 667 Prooemiorum
590 618 747 681 igitur
779 619 887 665 erat
917 617 976 666 de
1006 618 1278 666 traditione
1317 620 1641 680 scriptionum
1680 619 1875 666 referre.

182 694 286 742 Nec
316 708 394 740 me
426 692 556 740 solos
597 694 903 754 excerptores
942 692 1231 754 posterioris
1270 693 1422 740 medii
1454 695 1565 741 aevi
1595 692 1876 740 nominasse
1969 726 1977 730 -

184 784 357 816 verum
381 768 468 815 est.
510 766 706 814 Protuli
730 767 883 814 etiam
907 767 949 814 si
974 767 1062 829 qui
1094 768 1297 814 fuerunt
1318 767 1598 815 imitatores
1630 767 1709 814 vel
1742 766 1876 815 oblo-

184 845 390 891 cutores.
438 840 506 888 Et
530 839 797 904 Choricius,
824 839 1017 902 Suidas,
1041 844 1216 888 auctor
1239 842 1384 890 lexici
1409 840 1703 905 Segueriani
1726 840 1878 900 tertii,

185 915 501 976 Eustathius,
542 913 752 963 Ioannes
792 915 1124 977 Doxapatms,
1163 916 1360 964 Tzetzes
1400 932 1518 963 num
1558 917 1674 964 sunt
1714 917 1877 976 poste-

183 990 329 1039 rioris
352 989 503 1037 medii
527 987 672 1037 aevi?
703 989 992 1051 Analyticas
1017 1004 1133 1037 vero
1158 990 1488 1052 expositiones
1522 989 1805 1038 orationum
1830 991 1878 1036 et

186 1064 603 1113 declamationum
635 1063 814 1111 addere
837 1079 936 1111 non
969 1066 1076 1111 erat
1107 1064 1212 1112 eius
1236 1064 1324 1127 qui
1357 1064 1624 1112 editionem
1655 1063 1878 1111 criticam

110 1138 114 1142 ’
185 1139 408 1202 parabat.
464 1137 596 1184 Num
629 1139 745 1186 sunt
777 1139 975 1185 omnino
1016 1154 1184 1186 earum
1224 1138 1450 1200 exempla
1487 1139 1540 1186 in
1579 1137 1878 1186 editionibus

183 1212 514 1260 bibliothecae
543 1211 950 1260 Teubnerianae‘?
988 1212 1220 1261 Ambitus
1247 1229 1451 1275 operum
1475 1228 1621 1276 quem
1653 1213 1880 1274 deplorat

186 1288 336 1335 etiam
368 1287 527 1334 maior
557 1286 718 1334 sactus
743 1289 884 1348 esset,
917 1287 1227 1335 commodum
1250 1303 1366 1335 vero
1390 1288 1632 1336 lectorum
1655 1302 1878 1349 parvum.

188 1361 318 1418 Quid
358 1361 487 1407 enim
525 1360 644 1408 talis
683 1361 903 1423 analysis
940 1361 1163 1423 proderit
1199 1360 1470 1411 historico?
1524 1361 1573 1410 Is
1606 1362 1880 1408 orationem

185 1437 346 1498 ipsam
394 1435 558 1497 legere
603 1435 758 1483 malet
803 1435 883 1483 vel
927 1436 1094 1496 potius
1141 1435 1350 1484 debebit.
1423 1435 1518 1494 Qui
1564 1451 1680 1485 vero
1726 1435 1876 1483 talem

189 1509 416 1571 analysin
449 1508 697 1557 desiderat
726 1511 831 1571 ipse
870 1509 1107 1558 facillime
1147 1510 1241 1558 sibi
1279 1511 1442 1558 faciet.
1497 1510 1566 1558 At
1604 1510 1655 1557 in
1687 1510 1880 1557 culmen

188 1584 411 1633 ascendit
442 1583 715 1646 sapientiae
752 1584 901 1646 plane
941 1583 1229 1648 singularis,
1262 1600 1372 1632 cum
1411 1585 1598 1648 pergit:
1637 1584 1768 1646 „Der
1799 1583 1882 1630 da-

188 1660 268 1706 fiir
312 1658 627 1721 notwendige
669 1658 831 1706 Raum
875 1658 1015 1706 hatte
1063 1659 1167 1706 sich
1213 1659 1365 1707 leicht
1410 1661 1672 1722 einsparen
1717 1659 1882 1706 lassen

189 1732 344 1780 durch
369 1731 666 1796 Streiohung
689 1731 775 1780 der
806 1732 1056 1782 zahllosen
1079 1736 1228 1781 unter
1257 1733 1368 1781 dem
1401 1734 1526 1781 Text
1554 1732 1882 1781 befindlichen

188 1806 609 1866 Parallelstellen‚
656 1806 733 1854 die
784 1823 877 1853 nur
922 1807 1166 1856 beweisen
1211 1807 1390 1868 sollen,
1438 1807 1534 1855 dass
1580 1806 1756 1870 irgend
1803 1806 1880 1853 ein

179 1881 415 1929 *trivialer
438 1879 700 1928 Ausdruck
728 1879 846 1928 oder
870 1879 1102 1929 Gedanke
1135 1881 1240 1930 sich
1270 1882 1396 1930 noch
1429 1882 1683 1929 anderswo
1714 1880 1884 1944 findet,

190 1954 292 2002 und
323 1954 402 2002 die
435 1954 607 2002 zudem
639 1954 939 2018 grossenteils
971 1955 1122 2004 sehon
1161 1955 1379 2004 dadurch
1417 1954 1764 2003 unbrauchbar
1801 1971 1882 2017 ge-

191 2029 359 2078 macht
405 2028 621 2090 werden,
670 2028 767 2076 dass
815 2028 902 2076 der
947 2029 1293 2093 Herausgeber
1339 2030 1426 2078 das
1475 2030 1748 2088 Textwort‚
1796 2029 1888 2076 auf

193 2103 280 2151 das
313 2104 381 2150 sie
414 2103 519 2151 sich
544 2102 792 2164 beziehen,
823 2104 962 2151 nicht
994 2103 1211 2167 angibt.“
1259 2104 1389 2161 Quid
1419 2104 1496 2152 his
1527 2104 1649 2152 locis
1679 2103 1882 2151 afferen-

194 2177 268 2225 dis
323 2179 539 2225 sectatus
594 2179 686 2225 sim
736 2178 843 2238 ipse
896 2177 947 2224 in
1002 2178 1311 2240 praefatione
1364 2179 1520 2226 totius
1574 2179 1736 2239 operis
1782 2179 1817 2225 t.
1859 2176 1883 2223 I

192 2268 238 2312 p.
271 2251 362 2298 VII
379 2265 450 2312 sq.
483 2252 699 2313 exposui.
764 2250 913 2299 Volui
959 2252 1132 2300 afferre
1177 2253 1311 2302 locos
1357 2268 1452 2300 non
1502 2253 1662 2299 solum
1706 2250 1883 2313 quibus

193 2324 431 2373 Libanius
480 2325 689 2373 aliorum
737 2326 922 2387 scripta
966 2326 1182 2388 respexit
1220 2327 1299 2375 vel
1347 2328 1425 2374 sui
1463 2327 1617 2388 ipsius
1659 2326 1885 2373 imitator

193 2399 291 2447 fuit
335 2399 415 2446 vel
462 2399 572 2447 aliis
620 2400 872 2461 exemplar
918 2400 1131 2461 exstitit,
1174 2400 1259 2448 sed
1299 2401 1449 2448 etiam
1489 2416 1570 2449 eos
1611 2400 1696 2461 qui
1738 2400 1883 2446 intel-

193 2473 345 2520 lectui
374 2473 531 2534 ipsius
564 2473 826 2522 necessarii
857 2474 937 2522 vel
968 2475 1116 2521 utiles
1148 2476 1302 2523 erant.
1350 2475 1416 2522 Et
1453 2490 1635 2538 magna
1665 2473 1883 2521 imbutus

196 2562 302 2594 sum
356 2547 554 2595 laetitia
607 2547 740 2608 quod
794 2550 843 2596 et
899 2547 1087 2596 Paulus
1138 2548 1416 2596 Wendland
1465 2542 1779 2611 (Einleitung
1832 2548 1883 2593 in

197 2619 274 2668 die
305 2620 947 2682 Altertumswissenschaft‚
985 2622 1389 2685 herausgegeben
1431 2638 1524 2670 von
1557 2621 1742 2670 Gercke
1782 2621 1883 2667 und

194 2694 393 2742 Norden
424 2694 450 2741 I
481 2696 610 2754 4243
654 2689 805 2761 2922)
845 2698 1111 2757 postquam
1142 2697 1413 2745 rectissime
1445 2694 1680 2757 ‚,Pflicht“
1704 2695 1882 2757 inquit,

195 2767 308 2829 „des
347 2768 547 2816 Editors
586 2771 652 2816 ist
692 2785 765 2830 es,
807 2769 887 2816 bei
926 2769 1020 2818 den
1051 2786 1147 2818 von
1180 2770 1578 2818 Reminiszenzen
1611 2768 1882 2816 zehrenden

198 2843 425 2902 spateren
443 2842 668 2890 Antoren
691 2844 958 2906 moglichst
982 2843 1060 2891 die
1077 2844 1326 2907 Vorlagen
1351 2861 1410 2890 zu
1435 2842 1698 2904 notieren“,
1724 2858 1883 2889 meam

198 2914 464 2962 editionem
496 2918 554 2963 ut
585 2917 835 2978 exemplar
865 2918 1126 2979 proposuit
1157 2920 1206 2966 et
1236 2918 1292 2967 R.
1326 2918 1505 2966 Asmus
1537 2918 1670 2964 locos
1704 2917 1882 2982 allatos
