2014 3158
247 109 355 161 436
657 107 862 167 [LIBAN
862 108 924 167 11]
956 107 1347 152 DECLAMATIO
1379 108 1524 152 XLIII

355 249 523 297 Unum
554 249 719 297 locum
750 248 977 297 laudavit
1015 249 1311 297 Macarius
1346 244 1936 318 Chrysocephalus.¹)

356 323 627 385 Postquam
645 322 1054 371 declamationem
1070 323 1121 369 in
1138 323 1303 371 codice
1319 323 1646 371 bibliothecae
1664 323 1937 372 Vaticanae

244 400 437 446 exstare
467 397 663 445 monuit
692 396 995 458 titulumque
1020 412 1130 445 cum
1153 397 1299 446 initio
1323 397 1697 446 declamationis
1726 398 1940 459 protulit

243 471 560 520 Fabricius
599 471 717 519 bibl.
751 487 821 535 gr.
847 471 944 519 VII
976 472 1081 518 413
1123 471 1425 533 titulumque
1464 473 1646 519 iterum
1678 486 1790 519 cum
1827 472 1936 520 loco

245 561 276 593 a
305 546 524 593 Macario
565 544 769 593 laudato
802 562 827 593 e
860 545 1026 593 codice
1058 545 1311 593 Marciano
1344 562 1413 609 gr.
1449 547 1552 592 452
1586 545 1775 607 publici
1813 546 1937 594 iuris

243 619 362 667 fecit
393 619 774 668 Villoisonus
806 618 986 667 Anecd.
1011 619 1063 667 II
1088 636 1134 681 p.
1165 612 1303 685 122),
1337 619 1582 667 Reiskia
1614 612 1710 686 (=
1734 613 1830 686 Re)
1863 619 1938 667 in-

242 695 437 757 tegram
467 693 879 742 declamationem
903 709 1013 741 cum
1038 693 1158 741 viris
1184 693 1341 741 doctis
1374 694 1757 742 communicavit
1781 687 1840 759 (t.
1864 693 1938 741 IV

242 784 288 830 p.
319 766 633 834 798—817)
681 769 739 815 ut
777 784 802 815 e
849 767 1013 816 codice
1060 767 1344 815 Monacensi
1391 767 1718 829 descripserat
1762 767 1815 815 id
1862 770 1938 816 est

243 842 403 890 forma
434 841 823 890 mendosissima.
886 841 966 889 Ad
1004 841 1130 889 hanc
1170 841 1528 889 emendandam
1565 842 1725 890 multa
1763 844 1939 890 contu-

242 915 408 963 lerunt
447 916 534 963 Fr.
565 915 878 964 Iacobsius
925 931 1036 964 cum
1075 916 1196 963 alibi
1234 919 1342 963 tum
1384 912 1711 963 ‘Lectionum'
1753 910 1934 980 libross)

243 992 292 1037 et
332 985 502 1038 ‘Brevi
541 986 864 1038 annotatione
911 989 975 1037 ad
1019 991 1235 1052 quinque
1274 989 1472 1037 Libanii
1517 987 1933 1038 Declamationes'

243 1057 481 1130 (Allgem.
522 1063 873 1128 Schulzeitung
923 1065 1062 1112 1832
1113 1064 1203 1112 col.
1237 1065 1304 1111 52
1331 1057 1428 1129 sq.)
1473 1058 1568 1129 (=
1602 1057 1799 1130 Schul)⁷
1855 1065 1936 1112 cui

242 1153 372 1186 nova
412 1138 614 1186 collatio
655 1137 835 1186 codicis
875 1138 1183 1186 Monacensis
1225 1138 1441 1186 subsidio
1482 1138 1600 1199 fuit,
1641 1141 1690 1186 et
1731 1137 1936 1187 Carolus

246 1205 591 1278 Sintenis4),
631 1227 792 1274 pauca
831 1212 1100 1272 Bastius,
1140 1211 1596 1273 Boissonadius⁷
1644 1213 1730 1274 qui
1770 1211 1934 1260 codice

243 1285 469 1334 Parisino
500 1303 571 1350 gr.
600 1287 742 1334 3017
769 1301 887 1334 usus
921 1288 1008 1347 est,
1042 1284 1313 1334 Cobetus.
1362 1286 1432 1333 At
1454 1286 1536 1334 vel
1560 1287 1630 1334 sic
1654 1286 1935 1350 largissima

241 1362 413 1409 messis
444 1361 566 1408 locis
598 1377 623 1407 e
649 1360 896 1408 codicibus
928 1360 1109 1422 prioris
1141 1360 1362 1408 familiae
1394 1361 1474 1408 vel
1505 1360 1823 1408 emendandis
1855 1361 1935 1408 vel

243 1434 529 1496 supplendis
559 1434 735 1482 relicta
767 1437 888 1483 erat.
986 1450 1009 1458 ·⁴

363 1577 404 1630 1)
439 1572 504 1618 Cf.
537 1575 570 1619 t.
595 1574 616 1617 1
646 1590 691 1631 p.
719 1579 801 1618 351
822 1589 887 1630 sq.

363 1636 406 1689 2)
439 1633 506 1676 Ex
536 1633 625 1677 hoc
654 1634 875 1690 repetivit
906 1634 1100 1677 Reiskia
1131 1636 1163 1677 t.
1189 1634 1209 1676 Ι
1240 1650 1286 1690 p.
1312 1635 1471 1678 XXVI.

363 1696 405 1748 3)
439 1691 505 1736 Cf.
538 1695 570 1735 t.
597 1693 618 1735 Ι
649 1709 692 1750 p.
723 1698 775 1736 77
811 1696 857 1737 et
888 1693 930 1736 V
961 1709 1005 1750 p.
1035 1698 1118 1737 198

361 1755 404 1809 4)
438 1750 505 1797 Cf.
536 1753 569 1796 t.
594 1751 615 1795 I
645 1768 690 1809 p.
719 1757 786 1796 78.
