2044 3168
165 1077 205 1107 10

159 1521 205 1553 -15

236 118 347 170 254
630 117 859 161 LIBANII
889 115 1280 162 DEGLAMATIO
1312 117 1525 162 XXXVII

235 252 546 316 ἀπαλλάξας
607 260 939 322 τυραννικῆς
1001 254 1231 307 ἔπειθον
1296 254 1550 317 δουλείας
1612 252 1927 324 ἀνέχεσθαι,

231 344 397 396 πόσοι
451 343 552 410 τὴν
606 341 742 410 ἐμὴν
799 341 1095 395 κατέλευον
1147 343 1418 410 κεφαλήν,
1471 344 1634 396 πόσοι
1681 343 1748 396 τά
1794 341 1926 412 ξίφη

231 432 367 484 κατά
405 438 500 499 τῆς
532 430 662 500 ε’μῆς
694 432 889 484 ὤθουν
917 435 1171 499 πλευρᾶς.
1219 432 1310 484 καὶ
1340 431 1402 483 τὸ
1435 432 1659 495 δικαίως
1697 441 1926 502 προσῆν.

231 519 510 589 δευτέροις
542 521 646 589 γὰρ
686 522 1034 590 περιπίπτειν
1072 521 1175 573 οὐκ
1214 518 1441 588 ἐζήτουν
1486 531 1675 583 κακοῖς
1722 522 1776 574 οἱ
1815 530 1926 575 τῶν

231 607 468 677 πρώτων
505 611 662 678 μόλις
701 608 1116 678 ἀπαλλαγέντες.

342 698 428 751 26.
454 696 571 750 Ὅτι
609 698 711 765 μὲν
750 694 853 751 οὖν
885 699 1214 768 τυραννίδος
1246 695 1394 768 ἔχειν
1426 698 1600 768 ἀρχὴν
1636 700 1762 752 οὔτε
1793 701 1924 768 ἤθε-

230 790 330 839 λον
371 787 498 840 οὔτε
537 786 857 859 βουλομένῳ
895 795 1103 858 παρῆν,
1144 786 1327 856 ἑτέρας
1368 788 1396 841 ὁ
1438 790 1602 857 λόγος
1641 789 1707 841 οὐ
1749 789 1922 842 δεῖται

229 876 573 944 προσθήκης·
621 878 673 929 εί
710 877 771 929 δὲ
811 877 878 944 δὴ
918 877 1007 930 καὶ
1047 877 1114 928 τὰ
1151 877 1385 946 μάλιστα
1423 877 1630 946 ταύτην
1668 871 1782 946 εἶχέ
1816 898 1924 946 μου

230 965 332 1032 τὴν
369 966 540 1017 νόσον
571 966 604 1033 ἡ
637 963 827 1034 γνώμη
867 966 958 1018 καὶ
996 966 1098 1033 τὴν
1139 965 1406 1019 ἀκούσιον
1438 966 1612 1035 ἀρχὴν
1643 973 1738 1033 τῆς
1771 964 1926 1019 ἑκου-

231 1054 356 1106 σίου
402 1057 713 1121 προετίμων
759 1054 1002 1122 εὐνοίας,
1056 1057 1279 1107 πολλῶν
1333 1055 1521 1108 ὅπλων
1565 1055 1702 1124 πρὸς
1755 1063 1926 1108 ταῦτα

230 1142 319 1194 καὶ
358 1141 596 1210 μεγάλης
635 1141 870 1211 ἐδεόμην
900 1150 1260 1212 παρασκευῆς.
1300 1144 1461 1205 ποίας
1492 1140 1595 1196 οὖν
1629 1143 1758 1212 ἐμὰς
1789 1145 1927 1196 κατὰ

230 1232 330 1298 τὴν
375 1233 542 1284 πόλιν
587 1231 964 1301 κεκρυμμένας
1012 1227 1168 1301 εὗρες
1215 1232 1468 1302 ἀσπίδας;
1519 1240 1627 1285 ποῦ
1673 1253 1766 1300 μοι
1812 1243 1924 1286 τῶν

229 1318 404 1383 τόξων
443 1321 505 1372 αἱ
532 1319 836 1390 ἀποθῆκαι;
868 1328 978 1373 ποῦ
1011 1318 1072 1374 δὲ
1102 1322 1168 1373 τὰ
1199 1322 1376 1374 πολλὰ
1413 1320 1738 1374 συνέκλεισα
1769 1320 1923 1390 βέλη;

230 1408 362 1461 ὅλον
410 1409 706 1478 εἰσελθών,
753 1409 1044 1479 ἄνθρωπέ,
1098 1430 1206 1480 μου
1253 1412 1570 1477 περισκόπει
1616 1412 1715 1464 τὸν
1768 1405 1923 1464 οἷκον

229 1496 335 1550 κάν
372 1499 537 1551 τοῦδε
574 1497 744 1552 πλεόν
782 1507 883 1551 τοῦ
921 1500 1180 1568 θώρακος
1219 1499 1407 1569 εὕρῃς,
1446 1496 1654 1563 ἔδειξας
1692 1500 1792 1567 τὴν
1831 1519 1923 1551 τυ-

229 1588 482 1654 ραννίδα,
522 1595 647 1656 φεῦ,
688 1588 730 1641 ὢ
768 1595 863 1656 τῆς
900 1589 1126 1655 πόλεως,
1177 1587 1245 1640 οὐ
1283 1588 1461 1656 μάτην
1501 1587 1708 1656 ἐφάνης
1748 1588 1921 1657 σοφὸς

229 1674 636 1745 ἀναμφίλεκτον
666 1676 848 1746 εὑρὼν
878 1685 990 1729 τῶν
1021 1674 1168 1743 ἐμῶν
1199 1676 1525 1746 ἀπορρήτων
1556 1678 1653 1728 τὸν
1683 1679 1920 1744 ἔλεγχον.

227 1772 398 1818 ταῦτα
436 1762 539 1834 μὲν
577 1766 682 1835 γὰρ
724 1772 873 1834 σαφῆ
912 1766 1245 1834 τυραννίδος
1283 1767 1561 1834 τεκμήρια,
1601 1773 1771 1818 ταῦτα
1810 1775 1921 1817 τῶν

228 1853 573 1923 κεκτημένων
612 1853 820 1923 ἐλέγχει
858 1857 987 1917 τοὺς
1018 1858 1278 1923 τρόπους·
1319 1856 1370 1907 εἰ
1406 1852 1467 1907 δὲ
1498 1855 1711 1907 τούτων
1747 1855 1921 1906 εἰπεῖν

350 2005 405 2043 10
437 1999 550 2044 Xen.
586 2013 751 2043 comm.
785 1999 907 2045 Socr.
932 2001 954 2043 I
978 2005 1018 2055 2,
1041 2006 1091 2043 11
1218 2004 1272 2043 16
1305 1999 1418 2044 Xen.
1451 2000 1587 2056 Ages.
1624 2003 1707 2053 7‚5

350 2140 369 2176 1
406 2134 487 2177 καὶ.
517 2135 626 2177 ante
656 2139 939 2189 τυραννικῆς
963 2135 1008 2178 Α
1043 2136 1049 2189 Ι
1085 2132 1340 2192 ἀνέχεσθαι
1371 2132 1537 2189 scripsi
1568 2146 1624 2176 ex
1648 2133 1705 2176 H
1729 2133 1783 2175 ut
1814 2132 1919 2176 coni

226 2222 295 2265 Re
356 2220 607 2274 ἀνέξεσθαι
637 2222 808 2277 reliqui
839 2222 949 2266 libri
982 2222 1072 2266 edd
1194 2227 1219 2265 2
1252 2208 1445 2278 aaa‘ffA
1565 2226 1591 2264 3
1623 2220 1744 2264 κατὰ
1776 2235 1851 2264 om
1873 2222 1918 2265 A

230 2281 282 2326 Ol
402 2287 429 2324 4
462 2279 693 2336 δευτέροις
723 2281 794 2326 Va
825 2283 905 2325 sed
938 2298 1009 2331 οις
1039 2281 1088 2324 in
1119 2294 1195 2324 ras
1227 2281 1297 2324 m²
1416 2286 1443 2324 5
1474 2278 1602 2336 μόλις
1634 2278 1924 2336 ἀπαλλαγένὲ

226 2355 302 2391 τες
328 2341 387 2385 Cr
418 2339 496 2383 fol.
523 2344 599 2383 68r
628 2340 657 2383 l.
685 2344 711 2383 5
745 2341 875 2384 ouius
907 2355 1057 2396 neque
1089 2341 1241 2397 prima.
1270 2340 1412 2385 verba
1449 2352 1599 2395 neque
1629 2339 1811 2393 reliqua
1843 2353 1917 2382 ex-

228 2398 377 2455 ceptis
419 2399 450 2443 l.
484 2404 509 2442 6
543 2397 614 2443 ὅτι
645 2397 729 2455 μὲν
771 2396 857 2444 οὖν
895 2398 1173 2453 τυραννίδος
1212 2399 1334 2457 ἔχειν
1373 2398 1541 2456 dispici
1580 2400 1776 2454 possunt

228 2463 254 2501 6
289 2460 422 2513 „fort.
447 2457 716 2511 τυραννίδα.
749 2472 859 2502 ‘nam
883 2458 1030 2516 ἀρχὴν
1054 2460 1229 2515 accipio
1253 2459 1572 2503 adverbialiter
1602 2471 1684 2512 pro
1707 2470 1917 2514 prorsus,

219 2518 378 2573 plane,
403 2519 615 2561 omnino“
641 2517 709 2560 Re
737 2521 743 2571 Ι
772 2520 975 2576 μετέχειν
999 2518 1162 2561 Iacobs
1186 2518 1293 2560 Add
1319 2522 1374 2561 28
1398 2517 1511 2561 Lech
1633 2521 1656 2559 7
1690 2517 1746 2561 οὐ
1777 2530 1853 2560 om
1869 2517 1915 2560 A

346 2580 372 2618 8
403 2577 658 2633 ταμάλιστα
690 2577 794 2621 ViB
927 2582 977 2620 11
1012 2579 1233 2632 τῆς,ε.11ΐ,θ
1263 2582 1557 2631 παρασκευῆς
1581 2576 1639 2619 H
1762 2581 1815 2618 12
1849 2575 1915 2619 οἰ-

226 2633 449 2691 κονομίας
481 2637 539 2680 Vi
564 2639 571 2694 Ι
598 2651 677 2691 μοι
706 2635 894 2691 reposui
925 2648 951 2678 e
980 2635 1113 2679 libris
1175 2652 1264 2693 μου
1297 2635 1385 2679 edd
1509 2639 1564 2678 14
1595 2650 1685 2689 μου
1718 2648 1793 2678 om
1820 2634 1872 2679 Ol
1905 2634 1910 2692 Ι

225 2693 495 2749 περισκόπει
527 2711 616 2750 μου
641 2695 751 2739 ΒΜ
871 2699 924 2738 16
958 2702 1061 2750 φεῦ,
1095 2692 1131 2738 ὢ
1155 2694 1322 2750 scripsi
1346 2693 1437 2738 coll
1459 2693 1573 2737 Xen.
1600 2693 1628 2737 l.
1655 2693 1685 2736 l.
1749 2691 1914 2749 ἐφείσω

224 2752 334 2796 libri
374 2753 466 2796 edd
508 2753 590 2797 sed
630 2754 766 2808 „bene
805 2754 847 2796 si
883 2754 1035 2808 habet,
1079 2755 1258 2809 aliquid
1293 2753 1426 2798 aliud
1462 2754 1505 2798 si
1537 2754 1723 2808 nificare
1759 2752 1916 2808 nequit

225 2826 362 2867 quam
396 2813 567 2863 ἔσωσας
596 2813 681 2868 τὴν
711 2811 876 2856 πόλιν“
909 2812 976 2855 Re
1009 2814 1307 2868 „consuluisti
1327 2812 1461 2857 urbm
1492 2767 1654 2855 Iacche
1679 2811 1804 2853 Anth
1830 2809 1914 2853 Pal

224 2870 289 2914 111
313 2876 397 2914 116
447 2877 454 2927 Ι
504 2871 559 2915 οὐ
592 2885 667 2915 om
691 2872 734 2915 A
860 2875 913 2915 18
946 2868 1030 2927 μὲν
1061 2871 1235 2915 inserui
1267 2885 1322 2915 ex
1346 2871 1567 2916 HViAGl
1627 2884 1703 2914 om
1727 2869 1918 2914 BVaM

225 2930 316 2973 edd
343 2931 351 2986 Ι
378 2929 465 2986 γὰρ
497 2944 572 2974 om
597 2931 641 2974 Α
1413 2940 1416 2942 ’
