2044 3168
214 155 429 201 PATRIS
462 154 675 201 CAEDIS
706 154 902 199 FILIAE
936 153 1286 207 GENERIQUE
1318 153 1617 198 DEFENSIO
1680 152 1784 206 337

97 313 159 347 το
200 293 657 363 σκαιωρούμενοι,
705 290 811 360 ἐγὼ
859 288 921 344 δὲ
966 291 1069 359 τὴν
1106 287 1210 357 μὲν
1256 291 1438 343 οἰκίαν
1485 288 1671 360 ἑώρων
1710 291 1788 352 εἰς

97 385 158 436 τὸ
206 379 467 444 παντελὲς
512 390 607 451 τῆς
652 380 971 450 περιουσίας
1014 377 1433 447 ἐκκενουμένην,
1467 380 1475 448 Ι
1509 381 1611 447 τὴν
1656 384 1773 428 RIV
1790 389 1874 428 591

98 469 159 525 δὲ
197 474 363 525 πόλιν
402 471 681 539 ἁπανταχῆ
720 477 814 538 τῆς
852 468 1063 539 ὕβρεως
1096 467 1390 536 γέμουσαν,
1428 470 1529 537 τὴν
1560 466 1661 538 μὲν
1693 478 1789 538 τῆς

99 562 268 631 ἄκρας
307 561 498 623 ἀνοίας
537 559 932 627 ἀποστραφείς,
978 559 1076 610 τὸν
1123 558 1183 610 δὲ
1230 565 1326 626 τῆς
1365 557 1539 620 οὕτως
1579 557 1787 611 ἀτόπου

97 652 446 719 κακουργίας,
485 650 558 711 ὡς
587 655 843 717 προσῆκε,
883 645 1188 716 μυσαχθεὶς
1234 647 1422 714 θυμὸν
1464 645 1544 700 ἐπ’
1584 646 1788 709 αὐτοὺς
1835 670 1854 702 5

98 739 465 808 ἀναλαμβάνω
505 739 724 791 δίκαιον
761 734 852 790 καὶ
891 745 1002 788 τῶν
1052 745 1252 798 κοινῶς
1291 734 1371 789 ἐπ’
1419 735 1675 804 ἀλλήλοις
1707 735 1787 799 ἐξ,-

100 830 454 898 αμαρτόντων
492 827 688 895 κοινὴν
725 827 1167 895 καταψηφίζομαι
1213 823 1303 878 καὶ
1350 826 1452 894 τὴν
1498 826 1660 894 δίκην
1697 824 1788 879 καὶ

98 923 196 988 μιᾷ
232 915 435 985 πλήξας
472 918 603 978 τοὺς
641 915 846 978 πολλὰς
883 915 1019 968 κατὰ
1054 915 1281 985 καρδίας
1313 913 1621 982 πλήξαντας
1659 917 1789 978 τοὺς

97 1003 199 1074 μὲν
238 1006 555 1058 ἀπαλλάττω
602 1012 703 1057 τοῦ
742 1006 870 1074 βίου
918 1002 1009 1056 καὶ
1054 1012 1151 1072 τῆς
1197 1002 1462 1057 ἐντεῦθεν
1508 1005 1787 1073 αἰσχύνης,

97 1097 158 1148 τὸ
199 1092 258 1148 δὲ
297 1093 457 1163 γένος
495 1094 702 1162 τούμὸν
747 1092 839 1146 καὶ
886 1094 989 1162 τὴν
1036 1094 1172 1162 ὅλην
1217 1094 1384 1146 πόλιν
1430 1101 1525 1162 τῆς
1572 1091 1789 1147 ἐκεῖθεν
1814 1116 1856 1148 ιο

95 1184 321 1254 ὕβρεως.

205 1273 291 1325 23.
325 1271 462 1341 Ἐγὼ
494 1272 596 1340 μὲν
628 1269 732 1326 οὖν
763 1270 850 1325 ἐπὶ
890 1273 1107 1334 τούτοις
1147 1272 1422 1340 δυστυχὴς
1453 1269 1571 1340 μέν,
1612 1273 1660 1324 εἰ
1698 1273 1792 1324 καί

94 1383 176 1426 τις
215 1363 379 1425 ἄλλος
416 1361 693 1430 πατέρων,
744 1361 927 1426 δόξειν
972 1362 1325 1428 ὑπώπτευον,
1363 1362 1529 1423 κακὸς
1568 1359 1614 1413 δ’
1663 1359 1789 1413 οὔτ’

95 1451 261 1514 αὐτός
298 1469 449 1520 ποτε,
487 1452 561 1519 μά
599 1453 732 1514 τοὺς
777 1451 972 1516 θεούς,
1020 1450 1343 1519 ἐλογιζόμην
1393 1448 1518 1503 οὔθ’
1567 1448 1788 1520 ἑτέρους

96 1538 240 1594 τοῦτ’
287 1540 422 1594 αὐτὸ
462 1548 793 1611 κακουργεῖν
829 1539 1237 1608 ὑπολήψεσθαι,
1281 1536 1400 1592 ἀλλ’
1445 1537 1638 1607 ἠξίουν
1675 1548 1788 1593 τῶν
1811 1562 1854 1595 15

94 1634 336 1683 πολιτῶν
373 1629 504 1692 τούς
543 1648 604 1696 γε
642 1627 1040 1699 μετριωτέρους
1077 1628 1311 1696 μάλιστα
1350 1625 1453 1696 μὲν
1496 1629 1788 1698 οἰκτείρειν

94 1717 187 1787 ἐμὲ
225 1727 320 1788 τῆς
358 1727 672 1790 συμφορᾶς,
713 1720 764 1771 εἰ
801 1716 851 1771 δ’
896 1714 1022 1785 οὖν,
1072 1717 1209 1770 ἀλλὰ
1247 1717 1348 1785 τὴν
1398 1717 1594 1785 τύχην,
1642 1717 1786 1770 ὀκνῶ

213 1870 238 1909 5
272 1866 330 1910 cf.
362 1881 407 1923 p.
434 1870 535 1920 351,
557 1870 624 1909 12.
659 1864 765 1909 Eur.
798 1863 919 1908 Med.
948 1868 1062 1908 1149

94 1999 236 2045 πάλιν
274 2013 520 2056 perperam
559 1997 874 2055 supplendum
913 1997 1096 2043 censuiss
1169 2004 1317 2041 ταῦτα
1355 1996 1465 2040 libri
1505 1997 1594 2040 edd
1644 1999 1651 2053 Ι
1701 1997 1786 2041 οὐκ

95 2059 259 2117 scripsi
289 2073 314 2103 e
338 2059 675 2104 LPaMaOlVi
685 2059 753 2104 Va
814 2056 916 2103 οὐδ’
948 2059 994 2102 Β
1027 2057 1118 2102 edd

216 2153 239 2192 1
274 2147 641 2204 σκευωρούμενοι
665 2145 767 2190 Mor
790 2145 857 2190 Re
883 2146 941 2191 cf.
967 2146 1027 2190 ad
1050 2162 1096 2203 p.
1124 2150 1224 2202 325,
1244 2151 1297 2189 15
1421 2151 1445 2190 2
1477 2144 1697 2196 παντελὲς
1719 2146 1787 2190 Va

95 2237 177 2281 sed
210 2235 305 2287 ελὲς
329 2249 385 2280 ex
408 2251 455 2288 ες
478 2249 580 2280 corr
602 2235 671 2279 m²
698 2235 704 2294 Ι
731 2235 836 2291 περὶ
866 2233 1027 2286 οὐσίας
1050 2236 1094 2280 L
1155 2233 1315 2286 οὐσίας
1338 2236 1384 2279 Β
1412 2237 1419 2292 Ι
1446 2220 1786 2292 ἐκκεῗῖ3ἶίμένην

103 2342 172 2386 Va
293 2346 318 2384 3
351 2312 627 2397 ἁπανταχῖίῦ
656 2341 744 2384 Μα
805 2338 1078 2397 ἁπανταχοῦ
1102 2341 1148 2384 Β
1269 2343 1296 2382 4
1328 2338 1447 2384 οὕτω
1474 2340 1531 2383 Vi
1557 2339 1668 2383 Fert

166 2415 187 2443 ε

95 2449 120 2488 6
154 2443 431 2499 ἀπαλλήλοις
458 2445 509 2489 Ol
554 2446 560 2500 Ι
610 2442 961 2499 ἐξαμαρτόντων
993 2442 1155 2499 scripsi
1188 2457 1212 2487 e
1239 2442 1507 2488 LPaMaCz
1518 2443 1575 2486 Vi
1586 2443 1654 2487 Va
1716 2442 1784 2495 ἐξ·

95 2502 458 2560 αμαρτανόντων
483 2505 529 2547 Β
562 2503 653 2546 edd
790 2507 816 2546 8
847 2501 931 2552 τὰς
956 2503 1010 2547 Ol
1051 2504 1057 2558 Ι
1098 2503 1245 2546 πολλὰ
1280 2503 1336 2546 Vi
1473 2507 1526 2545 12
1560 2501 1786 2558 δυστυχὴς

95 2562 261 2619 scripsi
293 2575 318 2605 e
344 2562 489 2606 Macl
528 2562 610 2605 sed
649 2562 697 2604 in
728 2562 817 2606 hoe
849 2561 1040 2619 εὐτυχὴς
1069 2562 1118 2604 in
1150 2575 1299 2619 marg,
1332 2562 1390 2606 Vi
1451 2559 1642 2618 εὐτυχὴς
1665 2561 1785 2604 LPa

95 2623 221 2666 BVa
251 2621 362 2665 Ferr
392 2624 440 2665 et
470 2638 525 2678 γρ
556 2621 606 2664 in
636 2636 770 2678 marg
800 2620 902 2663 Mor
962 2620 1134 2679 ἀτυχὴς
1164 2621 1266 2664 Mor
1287 2620 1356 2664 Re
1479 2625 1534 2663 14
1566 2619 1629 2676 μὰ
1660 2620 1785 2663 inser

99 2681 209 2725 Ma³
235 2682 242 2739 Ι
270 2685 398 2737 „post
436 2679 702 2737 ἐλογιζόμην
734 2680 951 2724 eoeeidisse
979 2681 1160 2725 videtur
1191 2676 1342 2724 εἷναι“
1376 2679 1443 2722 ΒΘ
1567 2684 1620 2721 15
1651 2676 1779 2722 τοῦτ’

99 2741 187 2784 Μα
211 2740 293 2784 sed
316 2737 358 2783 τ’
387 2739 437 2782 in
459 2753 536 2782 ras
560 2740 630 2783 m³
752 2743 806 2782 16
837 2740 1036 2783 πολιτῶν
1066 2739 1254 2814 reposui
1286 2753 1310 2782 e
1334 2738 1467 2782 libris
1492 2751 1597 2781 cum
1622 2737 1783 2781 Bastio

95 2813 202 2855 app.
235 2811 306 2854 ep.
331 2798 433 2842 crit.
459 2803 515 2842 54
591 2801 771 2842 πολλῶν
804 2797 894 2841 edd
943 2801 950 2854 Ι
992 2798 1235 2853 οἰκτειρειν
1268 2797 1344 2854 ἐμὲ
1375 2797 1563 2853 reposui
1594 2810 1618 2840 e
1650 2796 1783 2839 libris

95 2857 196 2914 (secl
226 2856 303 2914 ἐμὲ
335 2856 579 2912 οἰκτείρειν
611 2857 687 2913 ἐμὲ
712 2858 772 2914 L)
835 2853 911 2913 ἐμὲ
944 2855 1187 2912 οἰκτείρειν
1219 2857 1310 2900 edd
1447 2861 1499 2899 17
1532 2857 1784 2909 „sententia

87 2917 295 2973 postulat
328 2916 370 2959 εἰ
400 2913 446 2959 δ’
482 2914 567 2960 οὖν
599 2917 676 2972 μή,
708 2917 817 2973 (scil.
845 2916 1028 2972 ἔμελλον
1053 2914 1128 2973 ἐμὲ
1155 2914 1413 2972 οἰκτείρειν)
1447 2912 1546 2958 ἀλλ’
1575 2915 1659 2958 οὐκ
1691 2913 1784 2970 ἐμέ.

16 2976 23 3031 ξ
95 2974 211 3018 ἀλλὰ
240 2975 326 3031 τὴν
355 2975 528 3031 τύχην“
561 2975 629 3018 Re

182 3056 380 3088 manuus
396 3057 454 3088 ed.
467 3057 704 3089 Pom-nter.
720 3057 806 3089 VII.
1373 3052 1426 3089 2⁵2.
