2014 3158
803 661 1047 717 XLVIII.

194 787 504 835 Declamatio
534 787 775 850 inscripta
805 785 927 835 Δύο
959 804 1046 846 τις
1086 784 1230 850 ἔχων
1267 786 1485 845 παῖδας
1522 785 1622 835 τὸν
1653 784 1769 835 ἕτε-

81 879 185 926 ρον
216 858 602 926 ἀπεκήρυξεν.
636 857 662 908 ὅ
695 858 788 910 ἐπὶ
818 867 921 926 τῆς
952 860 1148 919 οἰκίας
1173 857 1525 924 ἀριστεύσας
1554 857 1770 929 ᾔτησεν

79 934 163 994 εἰς
194 936 253 984 τὸ
285 933 457 1000 γέρας
489 934 589 984 τὸν
614 932 875 998 ἀδελφὸν
903 933 1348 999 ἀναληφθῆναι.
1381 932 1771 994 ἀντειπόντος

79 1017 180 1058 τοῦ
213 1008 432 1076 πατρὸς
464 1008 570 1058 οὐκ
600 1008 844 1059 ἔπεισεν.
885 1007 1052 1069 ἀξιοῖ
1081 1006 1179 1058 καὶ
1218 1008 1395 1068 αὐτὸς
1437 1007 1770 1075 ἀποκηρύτ-

79 1102 130 1132 ve
144 1088 308 1145 σθαι,
351 1100 452 1146 qua
483 1083 768 1133 adulescens
807 1087 1074 1147 postquam
1112 1084 1283 1132 fratris
1315 1099 1346 1131 a
1376 1087 1520 1146 patre
1553 1083 1769 1133 abdicati

77 1158 291 1206 reditum
330 1158 541 1221 praemii
577 1158 782 1207 virtutis
819 1159 928 1208 loco
967 1161 1139 1221 petens
1178 1161 1320 1221 patre
1359 1159 1658 1221 obloquente
1696 1175 1769 1207 re-

75 1232 272 1295 pulsam
302 1233 434 1294 tulit,
467 1248 496 1279 a
521 1232 710 1282 civibus
734 1235 877 1295 petit,
908 1236 966 1282 ut
988 1236 1039 1281 et
1061 1227 1167 1295 ipse
1193 1232 1463 1295 abdicetur,
1487 1236 1538 1281 et
1561 1249 1590 1281 a
1613 1235 1770 1296 patre,

76 1310 132 1355 ut
169 1307 342 1369 populi
381 1307 630 1355 decretum
675 1305 912 1370 sequatur
950 1301 1036 1375 (cf.
1068 1325 1114 1371 p.
1143 1308 1271 1371 636,
1300 1303 1381 1375 9),
1427 1324 1526 1356 non
1571 1310 1770 1356 tantum

76 1382 197 1429 tulit
227 1382 459 1444 plausum
491 1384 736 1444 quantum
769 1385 1018 1444 exspectes
1058 1382 1287 1431 omnibus
1327 1398 1436 1430 eam
1474 1398 1650 1445 prosae
1681 1399 1770 1430 nu-

75 1471 295 1505 merosae
342 1456 533 1519 legibus
581 1457 838 1505 astrictam
886 1457 1165 1506 observans.
1219 1456 1524 1505 Testimonia
1568 1473 1769 1519 prorsus

76 1530 253 1579 desunt
284 1533 335 1579 et
356 1546 590 1578 numerus
615 1531 839 1579 codicum
865 1531 1042 1593 quibus
1068 1532 1129 1579 ad
1154 1531 1282 1579 hanc
1307 1534 1522 1579 aetatem
1543 1532 1770 1594 pervenit

74 1620 259 1667 parvus
299 1610 387 1654 est.
444 1604 573 1653 Sunt
603 1606 748 1667 enim,
781 1606 823 1653 si
862 1607 1014 1654 etiam
1052 1605 1415 1654 recentissimos
1447 1605 1768 1668 codicumque

71 1679 268 1727 nomine
299 1696 477 1742 parum
508 1679 684 1743 dignos
715 1680 943 1741 includis,
974 1697 1074 1728 nou
1105 1681 1274 1743 plures
1314 1682 1395 1729 13.

183 1754 374 1816 Incipio
406 1769 436 1801 a
470 1750 863 1816 ‘corporalibus'.

170 1831 234 1878 χ1.
259 1827 705 1877 Laurentianus
729 1828 870 1876 LVII
896 1831 963 1877 27
992 1823 1085 1897 (=
1112 1823 1176 1896 L)
1203 1845 1332 1878 anno
1361 1830 1500 1878 1392
1537 1832 1767 1884 exaratus

74 1902 157 1950 fol.
194 1903 338 1950 148&
391 1902 511 1950 Vide
543 1907 578 1950 t.
603 1902 630 1950 I
659 1920 707 1965 p.
735 1904 801 1951 59
822 1919 892 1965 sq.
942 1903 1157 1952 Contuli.

186 1976 261 2024 Ex
291 1977 384 2025 hoc
415 1977 690 2038 descriptus
722 1980 796 2026 est

184 2053 230 2099 2.
256 2051 853 2100 Wolfenbuttelanus
881 2052 983 2100 511
1015 2050 1322 2100 Gudianus
1346 2069 1418 2116 gr.
1438 2054 1505 2101 77
1532 2067 1656 2101 saec.
1673 2052 1766 2100 XV

73 2124 156 2171 fol.
186 2127 305 2173 161.
363 2125 487 2172 Vide
522 2128 557 2172 t.
581 2125 607 2173 I
645 2143 693 2188 p.
721 2127 787 2174 59
807 2142 877 2188 sq.
938 2125 1159 2175 Collatus
1200 2129 1276 2174 est
1314 2129 1365 2174 et
1405 2143 1432 2174 a
1472 2127 1675 2176 Reiskia
1712 2127 1764 2174 in

11 2195 13 2197 ’
72 2214 220 2246 usum
251 2201 443 2261 mariti,
484 2199 569 2261 qui
605 2216 718 2247 eum
756 2201 926 2249 littera
961 2202 1032 2250 W
1061 2202 1345 2265 insignivit,
1385 2203 1435 2250 et
1466 2217 1496 2250 a
1527 2218 1604 2248 me
1643 2201 1762 2263 ipso.

184 2273 259 2320 Ex
290 2274 382 2321 hoc
412 2290 500 2335 per
530 2273 796 2322 editionem
826 2275 1190 2323 Ferrariensem
1222 2275 1366 2323 fluxit

187 2349 232 2396 3.
267 2348 718 2396 Escurialensis
742 2344 941 2398 T-II-9
970 2344 1101 2416 (145
1127 2350 1180 2396 in
1205 2350 1436 2413 catalogo
1458 2342 1763 2414 Milleriano)

72 2435 197 2470 saec.
230 2422 362 2470 XVI.
412 2421 537 2470 Vide
567 2423 604 2470 t.
629 2421 655 2469 Ι
684 2439 732 2484 p.
759 2423 842 2472 67.

185 2497 232 2543 4.
265 2495 633 2545 Barberinus
668 2495 720 2544 H
753 2498 818 2544 41
854 2513 984 2545 nunc
1016 2497 1289 2547 Vaticanus
1322 2497 1621 2545 Barberinus
1655 2498 1762 2545 220

74 2561 168 2633 (=
194 2563 261 2635 B)
294 2586 418 2618 saec.
443 2570 534 2616 XV
565 2570 650 2619 fol.
676 2572 796 2618 416.
851 2571 978 2619 Vide
1010 2575 1044 2621 t.
1069 2573 1095 2620 I
1127 2589 1172 2635 p.
1201 2574 1268 2620 24
1288 2587 1359 2634 sq.
1408 2570 1622 2619 Contuli.

184 2644 400 2692 Transeo
434 2644 497 2691 ad
529 2639 857 2708 ‘eclogarios'.

186 2717 232 2764 5.
263 2717 575 2767 Parisinus
608 2734 677 2781 gr.
706 2719 847 2766 3018
874 2713 968 2781 (=
994 2713 1057 2786 P)
1083 2736 1207 2768 saec.
1233 2719 1324 2766 XV
1355 2719 1439 2766 fol.
1470 2720 1612 2766 lllv.
1647 2717 1760 2767 Cor·

6 2820 13 2849 3.
71 2792 235 2839 rectus
267 2793 343 2840 est
372 2808 523 2840 manu
555 2792 780 2840 secunda.
829 2792 955 2841 Vide
986 2796 1021 2841 t.
1050 2793 1091 2838 V
1124 2811 1169 2855 p.
1200 2795 1302 2841 173
1323 2809 1393 2854 sq.
1443 2791 1655 2840 Contuli.

187 2866 233 2912 6.
272 2865 506 2914 Athous
554 2865 780 2914 Laurae
829 2866 877 2915 S.
909 2867 1231 2915 Athanasii
1279 2866 1332 2914 Ω
1369 2868 1470 2913 123
1513 2860 1608 2932 (=
1635 2860 1759 2932 Ath)

7 2962 12 2979 ι
73 2952 196 2986 sace.
221 2939 343 2986 XIII
373 2940 457 2988 fol.
485 2941 565 2988 86.
616 2939 780 2987 Verba.
811 2937 1159 3004 ἀμνημονῆσαι
1190 2957 1236 3002 p.
1266 2941 1387 3000 636,
1408 2942 1473 2987 17
1507 2967 1581 2973 —
1612 2937 1761 2988 οὐδὲν

6 3018 21 3158 ‘l

161 3028 358 3061 Lametus
374 3029 431 3060 ed.
445 3030 589 3061 Fcere
600 3032 680 3061 ter.
697 3030 785 3062 VII.
1350 3025 1404 3063 39
