2014 3158
202 143 417 187 PATRIS
449 141 661 187 CAEDIS
693 142 891 186 FILIAE
923 141 1275 195 GENERIQUE
1306 142 1605 186 DEFENSIO
1667 142 1777 196 363

85 278 204 348 ἐγώ
261 294 365 332 σοι
417 279 490 331 τὰ
544 278 791 332 δυνατὰ
851 278 1619 348 προσεπιδαψιλεύσομαι
1673 279 1777 332 καὶ

86 369 152 421 τὸ
199 369 507 437 περιττὸν
554 375 667 421 τοῦ
715 369 929 421 πόθου
975 368 1613 437 προσαναπληρώσω.
1666 369 1777 437 μό-

84 477 202 510 νον
240 455 302 521 ἐξ
343 455 629 510 ἑκόντων
675 462 844 509 αἴτει
890 456 994 509 καὶ
1043 455 1329 525 λάμβανε
1376 455 1480 509 καὶ
1531 465 1778 510 παῦσαι

83 547 152 599 τὸ
192 545 380 614 γένος
420 546 838 615 αἰσχύνουσα.
880 544 1270 613 ἄναλόγισαι
1309 546 1377 598 τὸ
1418 553 1527 614 τῆς
1566 547 1779 615 φήμης

89 634 92 706 1
137 637 424 704 αἰσχρόν.
472 638 531 689 εἰ
568 634 615 688 δ’
663 631 808 702 οὖν,
858 632 989 687 ἀλλ’
1045 631 1151 703 ἐμὲ
1196 635 1310 687 τὸν
1354 634 1596 704 πατέρα
1643 639 1866 683 RIV610

3 793 7 796 ῃ
83 725 490 793 καταίδεσαι,
554 725 608 777 εἰ
674 720 722 777 δ’
792 723 908 777 οὐκ
978 721 1109 792 ἐμέ,
1178 724 1331 786 τούς
1398 742 1466 790 γε
1535 725 1777 790 νόμους
1823 744 1844 777 e

84 815 433 882 φοβήθητι.
495 811 615 881 ἐγώ
667 827 773 866 σοι
827 814 1058 881 πατήρ,
1114 813 1186 865 τὰ
1241 809 1309 865 δὲ
1368 819 1483 866 τοῦ
1537 813 1778 882 πατρὸς

82 901 260 969 ὑμῶν
307 911 433 955 τῶν
480 902 731 954 παίδων
776 902 1092 970 κειμήλια.
1137 901 1374 970 μικρὸν
1419 898 1514 954 ἔτι
1559 921 1669 970 μοι
1708 901 1776 954 τὸ

82 991 408 1060 βιώσιμον
445 990 872 1044 ὑπολείπεται
912 991 1018 1043 καὶ
1056 991 1595 1059 τετελευτηκότος
1633 1009 1777 1059 κερ-

84 1080 307 1143 δανεῖς
359 1078 482 1132 ὑπὸ
538 1081 767 1149 νόμοις
822 1078 854 1132 ἃ
909 1087 1031 1132 νῦν
1083 1079 1270 1150 βιάζῃ
1331 1089 1777 1149 προαφαιρεῐν
1802 1100 1844 1133 ιο

84 1168 166 1231 ὡς
203 1173 519 1238 αἴσχιστα.
563 1168 646 1221 78.
679 1176 849 1221 ταῦτα
879 1166 970 1221 καὶ
1002 1169 1068 1221 τὰ
1106 1175 1334 1221 τοιαῦτα
1371 1175 1480 1221 νῦν
1517 1168 1620 1237 μὲν
1650 1175 1777 1236 τῆσ-

85 1258 171 1325 δε,
216 1264 324 1310 νῦν
363 1253 411 1310 δ’
459 1256 675 1311 ἐκείνου
720 1255 1041 1329 κατεπᾴδων
1095 1256 1157 1310 ἐν
1208 1256 1361 1326 μέρει
1415 1261 1604 1326 ληρεῖν
1658 1257 1777 1311 ἐδό-

82 1366 235 1399 κουν.
305 1347 365 1399 oc
415 1344 466 1399 δ’
525 1342 605 1400 ὧν
658 1347 931 1400 ἔσπευδον
984 1357 1280 1415 σκαιωρεῖν
1333 1346 1434 1399 οὐκ
1488 1345 1775 1400 ἐπαύοντο.

81 1443 286 1488 παῦσαι
333 1434 423 1489 καὶ
472 1436 567 1504 σύ,
620 1436 760 1506 πρὸς
804 1441 982 1504 θεῶν,
1023 1430 1065 1489 ὦ
1111 1437 1394 1504 κατήγορε.
1441 1436 1496 1488 τί
1539 1434 1630 1488 καὶ
1676 1443 1776 1489 τοῦ

81 1526 355 1594 παρόντος
402 1525 665 1594 δαίμονος
709 1525 1012 1596 βαρύτερος
1057 1525 1190 1594 ἡμῖν
1236 1524 1613 1594 ἀναπέφηναςς
1663 1525 1775 1578 ἱκα-
1801 1547 1843 1579 15

82 1622 191 1677 νῶς
229 1611 333 1683 ἔχω
373 1615 660 1683 θρηνήσας
699 1613 936 1682 ἐμαυτὸν
966 1622 1061 1683 τῆς
1093 1622 1399 1684 συμφορᾶς,
1441 1615 1640 1676 ἱκανῶς
1672 1616 1774 1683 ἔχω

82 1711 181 1757 τοῦ
227 1703 447 1767 πάθους
493 1702 995 1773 ἀποκλαυσάμενος.
1048 1704 1122 1773 μὴ
1177 1706 1340 1772 γίνου
1386 1704 1592 1773 πατρὸς
1639 1705 1777 1774 πρὸς

3 1843 7 1846 .
81 1794 211 1855 τοὺς
257 1794 457 1856 παῖδας
505 1795 1016 1862 φιλοστοργότερος.
1069 1793 1142 1861 μὴ
1190 1795 1398 1862 φαίνου
1452 1791 1544 1845 καὶ
1589 1794 1776 1860 νόμων

82 1883 623 1951 φιλανθρωπότερος.
677 1879 740 1935 ἔα
792 1889 981 1935 πεσεῖν
1035 1881 1133 1945 οὓς
1185 1881 1212 1935 ὁ
1267 1883 1444 1952 πατὴρ
1499 1882 1631 1949 μετὰ
1684 1879 1773 1934 καὶ

81 1979 193 2024 τῶν
238 1973 426 2038 νόμων
473 1971 574 2024 οὐκ
625 1968 898 2043 ᾤκτειρεν.
946 1969 998 2023 εἴ
1034 1984 1123 2023 σοι
1161 1971 1227 2023 τὰ
1272 1979 1384 2023 τῶν
1425 1971 1640 2023 παίδων
1696 1971 1774 2023 ol·
1799 1992 1843 2025 20

82 2058 236 2129 κτρα,
286 2062 429 2113 πολὺ
470 2061 632 2129 χείρω
672 2060 737 2112 τὰ
775 2066 875 2112 τοῦ
913 2060 1119 2128 πατρὸς
1158 2060 1388 2127 λόγισαι.
1445 2060 1499 2112 οἱ
1537 2056 1639 2128 μὲν
1670 2060 1772 2130 γὰρ

0 2168 4 2190 ῑ
81 2149 215 2216 μετὰ
251 2156 347 2217 τῆς
385 2156 562 2218 ψυχῆς
600 2146 691 2201 καὶ
723 2149 824 2217 τὴν
855 2153 1123 2216 αἴσθησιν
1153 2146 1628 2218 προσαφῄρηνται,
1668 2147 1773 2217 ἐγὼ

0 2248 3 2312 ss
83 2233 131 2289 δ’
178 2236 206 2291 ὁ
247 2238 486 2300 δείλαιος
532 2245 639 2291 νῦν
684 2234 786 2304 μὲν
830 2239 1111 2308 πονηροὺς
1156 2239 1288 2300 τοὺς
1334 2238 1536 2300 παῖδας
1574 2236 1776 2290 ἀνακα-

0 2331 3 2353 ’
84 2328 309 2395 λοῦμαι,
367 2334 474 2380 νῦν
527 2323 576 2379 δ’
639 2324 878 2395 ἐμαυτὸν
940 2325 1200 2379 ἁπάντων
1260 2324 1513 2394 πατέρων
1566 2324 1655 2379 ἐπὶ
1709 2334 1773 2396 τῇ

201 2446 228 2485 4
261 2441 317 2486 cf.
351 2458 396 2499 p.
423 2446 619 2497 331‚17;
659 2446 759 2497 344,
779 2446 832 2485 ιτ
986 2446 1012 2486 9
1052 2442 1160 2487 Eur.
1193 2442 1292 2486 Alc.
1320 2446 1406 2486 650
1557 2446 1612 2485 22
1653 2441 1771 2486 Plafi.

0 2543 5 2563 3
84 2500 207 2558 apol.
239 2516 284 2558 p.
309 2506 366 2545 40
384 2501 417 2546 G

203 2609 228 2648 3
262 2605 327 2650 ἔτι
351 2606 397 2649 Β
518 2610 544 2649 8
577 2605 704 2661 ὑμῶν
732 2607 820 2650 Μα
851 2605 932 2650 sed
963 2606 991 2650 ὑ
1023 2605 1071 2649 in
1103 2619 1178 2650 ras
1205 2605 1276 2649 m³
1395 2609 1421 2648 9
1453 2606 1698 2660 κερδανοῖς
1723 2605 1775 2650 Ol

0 2678 2 2713 3
204 2669 258 2707 10
291 2664 439 2721 βιάζει
463 2665 609 2710 Mace
619 2665 676 2709 Vi
797 2669 848 2707 11
883 2664 944 2716 ὡς
966 2664 1158 2722 τάχιστα
1182 2667 1227 2709 Β
1254 2667 1261 2721 Ι
1289 2666 1512 2721 ρωιοίηιω
1545 2666 1652 2720 post
1680 2680 1774 2707 τοι·

0 2769 6 2780 -.
85 2730 204 2767 αῦτα
235 2723 326 2767 edd
358 2723 439 2768 sed
472 2723 722 2768 delendum
751 2723 870 2767 vidit
892 2723 995 2767 Mor
1021 2724 1113 2768 Not
1234 2728 1288 2767 13
1322 2723 1367 2768 οἱ
1399 2721 1446 2768 δ’
1482 2722 1646 2779 scripsi
1671 2738 1694 2766 e
1721 2723 1775 2768 Ol

0 2781 5 2825 i
94 2783 150 2826 Vi
210 2780 303 2827 οἵδ’
331 2784 590 2827 LPaMaB
604 2784 672 2827 Va
696 2783 787 2826 edd
814 2786 820 2837 1
849 2791 1097 2837 σκευωρεῖν
1125 2783 1227 2828 Mor
1249 2783 1317 2826 Re
1348 2782 1406 2827 cf.
1434 2782 1494 2825 ad
1525 2797 1570 2839 p.
1597 2786 1698 2836 325,
1718 2787 1771 2824 15

0 2834 4 2886 ἶ
204 2846 258 2885 18
298 2843 717 2898 φιλοστοργώτερος
741 2844 866 2886 BVa
1009 2847 1064 2885 23
1104 2842 1290 2899 πονηρὰ
1317 2843 1369 2887 01
1510 2847 1567 2885 24
1607 2841 1682 2886 ἐπὶ
1717 2847 1770 2898 τῇ

85 2906 205 3005 2:32
232 2900 397 3004 seripzi
458 2901 534 2975 ἐπὶ
564 2901 648 2975 τὶὴν
680 2900 837 2986 210123'21:⁸
854 2901 964 3005 lgm
995 2902 1085 2946 edd
1118 2902 1199 2946 sed
1231 2906 1344 2959 „aut
1366 2900 1443 2946 ἐπὶ
1466 2907 1520 2959 τῇ
1544 2907 1658 2959 γονῇ
1692 2902 1772 2965 kq.

206 2974 264 3005 ur
295 2975 358 3005 au
399 2977 518 3005 κατα
547 2977 633 3018 την
664 2976 808 3018 γονην
913 2975 936 3005 e
