2014 3158
217 135 325 189 546
658 130 886 175 LIBANII
916 130 1307 176 DECLAMATIO
1340 131 1485 175 XLVI

333 275 417 322 16.
457 272 945 321 Vindobonensis
984 272 1162 334 philos.
1204 274 1253 320 et
1291 271 1464 334 philol.
1495 272 1570 320 IV
1604 273 1671 321 82
1706 266 1800 340 (=
1826 269 1918 342 Vi)

218 364 341 398 saec.
374 347 494 395 XIV
526 348 612 395 fol.
640 348 723 394 73.
780 345 1039 394 Correctus
1072 348 1146 393 est
1176 361 1328 393 manu
1368 347 1597 395 secunda.
1652 347 1778 396 Vide
1810 350 1846 396 t.
1871 348 1919 394 V

216 440 264 485 p.
294 423 397 470 169
419 437 490 483 sq.
525 423 574 469 et
603 421 736 468 infra
767 437 814 482 p.
842 420 963 468 548.
1012 418 1226 467 Contuli.

334 497 417 543 17.
449 495 770 545 Parisinus
803 510 874 557 gr.
903 495 1044 542 2988
1080 509 1204 544 saec.
1229 493 1348 541 XIV
1378 494 1464 543 fol.
1492 497 1613 544 201.
1650 495 1919 545 Adhibitus

220 572 296 619 est
326 585 357 618 a
388 569 611 618 Morello.
660 568 787 616 Vide
810 571 845 616 t.
870 568 918 615 V
948 585 995 629 p.
1024 570 1126 616 182
1147 583 1218 629 sq.

332 644 498 691 Verba
516 643 606 691 illa
624 640 812 706 σκέμμα
834 638 861 690 ὃ
878 640 1224 706 Πομπηιανὸς.
1247 639 1527 707 προῦβαλεν
1543 659 1641 692 11011
1658 644 1921 706 praebent:

337 719 419 766 18.
452 717 684 765 Athous
721 717 955 765 Laurae
1001 716 1048 765 S.
1079 717 1407 765 Athanasii
1438 718 1491 765 Ω,
1527 720 1630 766 123
1672 712 1767 785 (=
1791 712 1919 784 Ath)

221 808 346 841 saec.
363 791 486 839 XIII
503 792 588 840 fol.
611 794 638 839 7
649 793 695 839 3.
727 791 882 839 Deest
904 791 1202 856 προθεωρία.
1238 789 1497 839 Correctus
1523 794 1572 839 et
1587 793 1919 855 interpolatus

223 860 307 933 (cf.
334 883 380 928 p.
410 867 533 927 566,
554 859 647 930 16)
673 867 748 913 est
771 881 922 913 manu
947 865 1174 913 secunda.
1207 865 1334 913 Vide
1357 867 1392 913 t.
1410 866 1436 913 I
1460 883 1506 928 p.
1527 867 1630 915 323
1651 882 1721 928 sq.
1771 867 1920 929 Ecty-

221 958 342 1003 pum
373 940 820 1003 photographicum
848 939 1082 987 foliorum
1110 941 1192 996 73,
1222 941 1288 986 74
1315 942 1364 987 et
1391 941 1494 1001 751,
1522 941 1656 1002 quod
1678 956 1795 988 voce
1820 939 1919 989 ἐπί-

221 1026 407 1079 τρεψον
430 1031 477 1076 p.
506 1015 627 1076 575,
648 1015 677 1062 5
713 1014 907 1074 desinit,
942 1030 1030 1075 per
1053 1013 1323 1061 Henricum
1349 1014 1559 1063 Jantsch
1590 1017 1765 1063 nactus
1797 1030 1920 1063 sum.

337 1090 420 1137 19.
452 1088 833 1150 Mosquensis
865 1087 1196 1135 bibliothecae
1228 1088 1480 1150 synodalis
1507 1090 1611 1138 489
1639 1092 1789 1138 antea
1813 1091 1918 1138 317

225 1178 347 1211 saec.
374 1162 466 1209 XV
497 1163 581 1210 fol.
610 1164 680 1210 3V.
723 1161 854 1209 Vide
886 1164 921 1209 t.
947 1160 993 1207 V
1025 1179 1071 1224 p.
1103 1163 1207 1209 180
1225 1177 1294 1223 sq.

339 1238 429 1285 20.
462 1236 777 1284 Parisinus
818 1253 887 1300 gr.
924 1237 1065 1284 3015
1107 1251 1234 1284 saec.
1266 1235 1383 1283 XIV
1422 1237 1505 1284 fol.
1544 1240 1588 1284 1.
1650 1237 1777 1286 Vide
1815 1239 1850 1286 t.
1875 1237 1921 1283 V

224 1326 270 1373 p.
300 1312 403 1359 175
423 1327 494 1372 sq.

337 1386 412 1431 Ex
445 1384 617 1432 eodem
650 1400 746 1446 quo
779 1385 859 1431 hic
892 1384 1162 1446 exemplari
1192 1384 1338 1432 fluxit

340 1461 423 1506 21.
464 1458 779 1506 Parisinus
825 1475 894 1521 gr.
932 1459 1074 1506 3018
1123 1474 1248 1506 saec.
1279 1459 1372 1506 XV
1411 1459 1494 1507 fol.
1531 1463 1576 1507 1.
1645 1459 1772 1507 Vide
1810 1461 1846 1507 t.
1878 1459 1923 1504 V

224 1549 272 1595 p.
302 1534 404 1581 173
425 1549 496 1594 sq.
1726 1564 1736 1572 -

342 1608 423 1654 22.
455 1607 791 1654 Vaticanus
824 1605 1147 1654 Palatinus
1172 1623 1243 1670 gr.
1265 1608 1369 1655 213
1398 1622 1521 1656 saec.
1546 1607 1666 1655 XIV
1689 1607 1773 1656 fol.
1801 1609 1922 1657 244.

224 1679 354 1728 Vide
387 1682 423 1728 t.
456 1680 503 1727 V
535 1697 582 1742 p.
619 1681 723 1728 183
744 1696 815 1742 sq.

341 1756 407 1802 23
441 1754 780 1802 Vaticanus
813 1771 884 1817 gr.
922 1756 1028 1802 224
1062 1770 1186 1804 saec.
1219 1754 1311 1801 XV
1342 1755 1426 1803 fol.
1465 1757 1582 1804 193.
1650 1755 1778 1804 Vide
1808 1757 1844 1804 t.
1874 1755 1925 1803 11

227 1845 274 1891 p.
306 1830 409 1876 194
427 1845 498 1890 sq.

342 1905 425 1950 24.
458 1903 798 1964 Lipsiensis
837 1902 1168 1950 bibliothecae
1214 1904 1556 1951 universitatis
1596 1920 1668 1967 gr.
1695 1906 1763 1952 38
1805 1903 1924 1951 olim

231 1975 567 2024 Sinaiticus
601 1970 694 2042 (=
719 1971 804 2043 Li)
845 1992 969 2025 saec.
994 1976 1113 2022 XIV
1152 1977 1237 2025 fol.
1266 1979 1349 2025 31.
1404 1976 1531 2024 Vide
1570 1980 1606 2025 t.
1631 1977 1704 2024 VI
1743 1995 1788 2040 p.
1818 1979 1919 2025 291

231 2053 281 2098 et
315 2052 434 2098 293.
490 2050 748 2098 Lectiones
790 2051 894 2098 eius
935 2050 997 2097 ab
1040 2050 1256 2098 editione
1289 2050 1559 2099 Reiskiana
1591 2052 1925 2113 discrepantes

233 2124 628 2172 Tischendorfius
646 2124 828 2172 Anecd.
855 2139 977 2172 sacr.
998 2126 1046 2171 et
1069 2125 1194 2185 prof.
1223 2125 1364 2172 ed.11
1388 2142 1434 2187 p.
1456 2126 1522 2172 39
1542 2139 1613 2187 sq.
1640 2127 1690 2173 et
1706 2125 1924 2173 Wester-

231 2213 442 2246 mannus
493 2198 848 2259 Excerptorum
897 2214 954 2244 ex
1000 2198 1329 2247 bibliothecae
1378 2199 1617 2247 Paulinae
1655 2198 1924 2262 Lipsiensis

231 2271 371 2320 libris
414 2287 564 2319 manu
604 2272 802 2333 scriptis
840 2274 968 2332 part.
1001 2271 1027 2318 I
1068 2265 1222 2337 (Lips.
1260 2267 1426 2339 1865)
1466 2290 1514 2335 p.
1543 2275 1609 2320 17
1629 2288 1699 2334 sq.
1738 2273 1926 2335 publici

231 2345 356 2394 iuris
390 2346 624 2393 fecerunt.
671 2346 778 2408 Ego
811 2346 970 2393 denuo
1005 2348 1210 2395 excussi.

345 2419 509 2466 Verba
539 2420 630 2466 illa
662 2417 848 2482 σκέμμα
873 2415 898 2467 ὃ
925 2418 1252 2482 Πομπηιανὸς
1277 2417 1556 2485 προῦβαλεν
1581 2422 1696 2468 ante
1719 2420 1923 2467 titulum

235 2492 609 2541 declamationis
640 2509 737 2540 non
770 2493 821 2539 in
854 2493 1123 2555 principio,
1162 2494 1247 2541 sed
1285 2493 1338 2541 in
1380 2493 1542 2542 media
1575 2495 1744 2556 ecloga
1776 2494 1924 2542 00110-

236 2569 375 2614 catae
409 2567 639 2614 exhibent
671 2567 884 2614 codices:

350 2643 431 2687 25.
465 2641 844 2688 Matritensis
878 2642 1038 2702 4679,
1069 2641 1187 2688 olim
1220 2641 1374 2689 N-49
1401 2634 1496 2706 (=
1521 2633 1627 2706 Ma)
1659 2656 1784 2689 saec.
1808 2640 1925 2688 XIV

235 2713 318 2760 fol.
349 2716 492 2763 102V.
549 2713 807 2762 Oorrectus
840 2717 914 2762 est
945 2731 970 2762 e
993 2716 1061 2762 M
1094 2716 1173 2762 vel
1214 2716 1312 2762 alio
1346 2716 1511 2763 codice
1543 2730 1655 2761 cum
1687 2715 1779 2761 hoc
1811 2730 1926 2776 cog-

237 2790 355 2908 Eato
402 2804 554 2835 manu
602 2788 826 2836 secunda.
880 2788 1008 2836 Vide
1054 2790 1088 2837 t.
1114 2789 1139 2835 I
1185 2805 1232 2850 p.
1260 2790 1363 2837 362
1384 2804 1454 2850 sq.
1487 2791 1536 2836 et
1566 2790 1601 2837 t.
1625 2788 1699 2835 IV
1729 2804 1775 2849 p.
1802 2789 1925 2835 410.

278 2862 451 2908 ontuli.

353 2936 434 2981 26.
490 2935 903 2982 Berolinensis
965 2953 1036 2998 gr.
1088 2937 1190 2983 195
1247 2935 1366 2983 olim
1429 2934 1927 2983 Claromontanus
