2020 3146
613 103 805 148 AVARI
835 102 1062 148 MORTIS
1092 100 1331 148 ΡΕΤΙΤΙΟ
1779 106 1812 159 9

119 247 214 309 τῆς
246 245 437 309 λοιπῆς
470 241 663 304 οὐσίας
695 240 1120 309 ἀποστερεῖσθαι
1151 238 1244 293 καὶ
1284 237 1376 307 ἐμὲ
1406 237 1509 307 μὲν
1542 242 1817 310 σήπεσθαι

117 329 635 400 κατορωρυγμένον,
689 330 756 382 τά
802 329 864 382 δὲ
911 327 1001 381 ὑπ’
1048 328 1183 395 ἐμοῦ
1240 328 1630 398 συνειλεγμένα
1683 332 1817 399 μετὰ

116 422 340 472 πολλῶν
380 419 631 489 ἱδρώτων
678 417 738 471 ἐν
785 418 970 471 ἄλλων
1016 411 1159 470 εἶναι
1210 419 1420 487 χερσίν·
1461 417 1580 471 ἀλλ’
1626 421 1674 473 εἰ
1712 417 1815 488 μὲν

117 499 237 561 οἷόν
276 527 333 560 τε
371 504 443 576 ἦν
481 511 644 560 λῦσαι
683 507 786 575 τὴν
825 507 1123 576 συμφορὰν
1156 505 1247 560 καὶ
1279 506 1447 560 πάλιν
1483 508 1814 576 εἰσενεγκεῖν

114 597 303 650 οἴκαδε
355 597 451 659 τὰς
504 598 708 665 χιλίας,
757 596 859 649 οὐκ
913 596 984 649 ἂν
1042 603 1215 648 ταῦτα
1267 593 1461 664 ἔλεγον
1515 596 1650 665 ἅπερ
1705 604 1814 650 νῦν
1860 616 1880 649 5

118 682 250 738 οὐδὲ
303 686 608 754 ἠπειγόμην
659 685 798 754 πρὸς
849 685 1120 738 θάνατον·
1178 683 1365 754 ἐπειδὴ
1427 682 1488 738 δὲ
1544 686 1644 738 οὐκ
1697 683 1815 739 ἔστι

115 794 210 844 μοι
248 781 411 828 τοῦτο
453 772 689 842 ἐλπίσαι,
730 774 813 836 τίς
851 775 956 843 γὰρ
997 773 1068 826 ἂν
1108 774 1294 842 λαβὼν
1333 773 1568 843 ἀποδοίη
1610 774 1814 845 ῥᾳδίως

115 861 239 927 ἐξὸν
286 860 456 932 ἔχειν;
508 858 677 932 ἧττον
723 862 964 931 ἡγοῦμαι
1012 863 1185 916 κακὸν
1231 862 1593 916 ἀποθανόντα
1642 864 1815 932 μηδὲν

117 951 557 1006 ἐπαισθάνεσθαι
596 961 708 1005 τῶν
748 951 985 1021 ὕστερον
1022 951 1055 1020 ἢ
1097 954 1270 1016 ζῶντα
1308 954 1575 1020 τήκεσθαι
1615 960 1678 1022 τῇ
1719 952 1813 1005 λύ-

113 1058 187 1111 πῃ
227 1026 340 1094 τῶν
378 1039 676 1111 ὁρωμένων
714 1050 912 1094 κακῶν.
1835 1061 1879 1093 10

224 1129 274 1182 4.
318 1127 407 1192 Ὡς
453 1130 647 1183 τοίνυν
694 1130 901 1198 ταύτην
947 1130 1170 1192 εἰκότως
1221 1127 1372 1198 φέρω
1411 1127 1529 1182 κατ’
1574 1129 1813 1196 ἐμαυτοῦ

114 1219 217 1286 τὴν
255 1225 465 1287 ψῆφον,
514 1222 726 1287 μᾶλλον
766 1215 827 1271 δὲ
873 1217 1070 1288 ἕπομαι
1115 1226 1180 1288 τῇ
1229 1219 1366 1289 τύχῃ
1417 1219 1626 1286 ταύτην
1664 1216 1813 1286 ἐνεγ-

115 1307 288 1377 κούσῃ
343 1306 458 1360 κατ’
522 1306 681 1374 ἐμοῦ,
742 1307 1074 1377 πειράσομαι
1131 1308 1416 1360 διδάσκειν
1468 1308 1624 1376 ὑμᾶς.
1689 1300 1802 1360 ἀλλ’

115 1395 262 1459 ὅπως
300 1397 372 1464 μὴ
413 1395 621 1463 γε’λωτα
659 1398 971 1465 ποιήσησθε
1010 1397 1112 1465 τὴν
1151 1395 1287 1465 ἐμὴν
1321 1398 1623 1465 δυστυχίαν
1662 1394 1814 1464 μηδ’,

114 1483 184 1537 ἂν
231 1485 284 1538 οἱ
332 1486 602 1539 σκώπτειν
649 1481 804 1539 οὗτοι
853 1486 1112 1547 εἰωθότες
1159 1486 1388 1555 ῥήτορες
1433 1487 1495 1539 τὸ
1545 1486 1678 1539 αὐτὸ
1718 1484 1809 1538 καὶ
1834 1505 1877 1538 15

116 1582 224 1627 νῦν
262 1584 522 1642 ποιῶσιν,
571 1573 903 1643 ἀνάσχησθε.
952 1574 1142 1627 δεινὸν
1189 1575 1292 1645 γὰρ
1334 1573 1523 1645 ἕτερον
1560 1574 1662 1642 μὲν
1702 1573 1814 1628 στέ-

113 1682 251 1731 νειν,
291 1662 457 1735 ἑτέρῳ
498 1660 559 1716 δὲ
599 1671 764 1716 τοῦτο
803 1663 1014 1731 ἡδονὴν
1054 1656 1210 1716 εἶναι.

227 1750 278 1804 5.
311 1749 465 1820 Ἐμοὶ
504 1752 680 1820 πατὴρ
721 1747 809 1819 ἦν,
850 1747 891 1804 ὦ
922 1752 1118 1820 βουλή,
1151 1751 1480 1819 φειδόμενος
1510 1749 1601 1803 καὶ
1635 1752 1814 1820 οἰόμε-

111 1859 208 1903 νος
255 1841 373 1893 δεῖν
419 1841 485 1894 τὰ
533 1841 667 1893 ὄντα
717 1841 885 1892 πλείω
927 1848 1107 1914 ποιεῖν
1141 1838 1149 1909 1
1186 1840 1251 1893 οὐ
1291 1845 1368 1911 τῷ
1415 1840 1480 1892 τὰ
1519 1850 1631 1893 τῶν
1677 1844 1797 1889 RIV
1814 1849 1899 1889 200

115 1928 298 1981 ἄλλων
337 1928 615 1999 ἁρπάζειν,
654 1936 728 2001 τῷ
764 1926 826 1981 δὲ
863 1925 1038 1998 μηδὲν
1086 1930 1201 1998 εἰκῆ
1250 1938 1362 1981 τῶν
1408 1928 1581 1982 αὑτοῦ
1627 1932 1810 1998 προΐε-
1835 1951 1878 1983 20

235 2109 257 2147 1
291 2106 408 2148 λυπ
383 2121 437 2161 ης
460 2105 537 2149 La
569 2103 650 2148 sed
681 2121 710 2147 v
742 2103 790 2147 in
823 2120 868 2148 οι
900 2118 1002 2148 corr
1024 2118 1061 2179 p
1105 2107 1111 2157 Ι
1150 2104 1502 2179 ἀπεστερῆσθαι
1528 2104 1582 2148 Ol
1703 2108 1728 2148 2
1763 2102 1808 2148 δ’

115 2162 191 2207 La
218 2164 224 2219 Ι
252 2162 367 2218 ὑπὲρ
396 2164 447 2208 ΟΖ
570 2168 594 2206 3
628 2162 678 2207 εἴ
699 2180 752 2220 με
777 2165 851 2208 Ρα
971 2169 998 2206 4
1031 2159 1089 2221 ἦν
1123 2159 1225 2207 οἷόν
1253 2179 1301 2208 τε
1328 2164 1458 2209 GzLa
1484 2166 1491 2220 Ι
1520 2159 1622 2208 οἷον
1646 2165 1691 2207 Β
1720 2166 1726 2220 Ι
1753 2159 1812 2220 ἦν

115 2236 191 2266 om
215 2224 289 2267 Pa
338 2225 343 2279 Ι
395 2222 529 2266 λύσαι
562 2223 631 2267 Va
663 2222 786 2266 sed‘
821 2223 915 2265 in*
948 2237 1051 2268 corr
1079 2222 1164 2276 ιη’,
1189 2223 1235 2266 Β
1271 2223 1363 2266 edd
1413 2226 1419 2279 Ι
1470 2223 1720 2295 εἰσενεγκεῑ·
1740 2224 1813 2266 Ρα

234 2286 259 2324 5
289 2279 420 2325 ταῦτ’
453 2282 530 2326 La
651 2286 676 2325 6
703 2279 811 2327 οὐδ’
839 2283 915 2327 La
942 2284 948 2341 Ι
978 2282 1076 2327 ἐπεὶ
1101 2283 1272 2327 LVaB
1303 2282 1414 2325 Fert
1441 2284 1447 2339 Ι
1476 2279 1520 2327 δ’
1550 2283 1625 2326 Ia
1652 2285 1658 2338 Ι
1688 2282 1812 2327 ἔσται

116 2385 160 2428 L
191 2384 302 2428 Ferr
425 2389 448 2428 7
482 2401 562 2441 μοι
593 2398 668 2428 om
693 2387 767 2430 Pa
829 2401 886 2442 με
912 2386 1041 2431 ClLa
1068 2388 1075 2443 Ι
1102 2393 1250 2430 ταῦτα
1284 2387 1350 2429 Va
1378 2387 1385 2441 Ι
1413 2385 1522 2430 οὐδὲ
1546 2387 1654 2441 post
1675 2391 1812 2429 τοῦτο

114 2445 190 2488 Pa
220 2443 324 2487 Mor
354 2444 422 2488 Re
485 2443 636 2488 delevi
757 2448 784 2487 8
816 2444 863 2497 ἐξ
896 2441 960 2489 ὧν
987 2446 1040 2490 Gl
1080 2454 1087 2502 Ι
1128 2445 1339 2502 ἡγούμην
1364 2445 1409 2488 Β
1532 2449 1556 2487 9
1588 2443 1814 2499 τήκεσθαι

121 2509 175 2560 τῇ
207 2502 340 2576 λύπῃ
361 2501 526 2560 scripsi
558 2516 582 2547 e
610 2503 867 2548 ClLaVaB
943 2510 997 2562 τῇ
1029 2504 1148 2562 λύπῃ
1179 2503 1407 2558 τήκεσθαι
1433 2504 1552 2548 LPa
1584 2503 1674 2547 edd

124 2566 176 2604 11
204 2559 340 2606 καυτ’
362 2563 437 2607 La
561 2567 613 2606 12
640 2560 684 2606 δ’
707 2564 784 2607 La
809 2564 817 2619 Ι
844 2563 987 2619 ταύτη
1013 2563 1083 2608 Va
1143 2571 1290 2607 ταῦτα
1315 2564 1361 2607 Β
1483 2567 1537 2606 14
1561 2561 1814 2617 ποιήσεσθε

119 2619 231 2664 Fert
262 2620 418 2665 Gasda
451 2620 506 2664 cf.
540 2623 574 2665 t
608 2621 650 2664 lI
676 2626 775 2675 179,
796 2627 849 2665 15
854 2621 943 2697 Ιμ
912 2622 971 2679 μὴ
1006 2619 1051 2666 δ’
1089 2623 1160 2667 Va
1283 2627 1337 2666 15
1375 2622 1600 2666 σκώπτειν
1632 2622 1702 2665 Va
1733 2621 1814 2664 sed

116 2695 247 2724 πτειν
280 2680 374 2724 add
404 2681 475 2723 m²
517 2683 524 2737 Ι
569 2679 789 2731 εἰωθότες
820 2677 949 2725 οὗτοι
976 2681 1028 2726 Ol
1061 2682 1068 2737 Ι
1104 2682 1256 2727 αὐτῶν
1284 2681 1336 2725 ΟΖ
1369 2682 1376 2737 Ι
1411 2682 1491 2724 καὶ
1523 2687 1610 2725 νῦν
1642 2694 1716 2724 om
1741 2682 1815 2725 Pa

242 2744 295 2782 16
330 2739 616 2797 ἀνάσχοισθε
641 2741 716 2784 La
747 2739 850 2783 Mor
882 2741 962 2784 sed
995 2740 1044 2783 in
1076 2741 1163 2784 hoc
1195 2758 1248 2797 γρ
1282 2741 1510 2798 ἀνάσχητε
1542 2739 1592 2782 in
1623 2753 1757 2812 marg

117 2796 342 2854 ἀνέχεσθε
377 2800 445 2842 Va
568 2803 622 2843 18
654 2794 689 2842 ὦ
722 2812 797 2842 om
823 2801 897 2843 Pa
1020 2804 1074 2843 19
1107 2799 1165 2843 τὰ
1198 2799 1312 2844 ὄντα
1345 2799 1427 2843 sed
1458 2801 1565 2854 post
1596 2796 1736 2842 πλείω
1763 2798 1814 2842 01

119 2855 195 2899 La
207 2857 275 2900 Va
342 2857 400 2901 τὰ
432 2857 600 2902 ἑαυτοῦ
634 2857 735 2901 Mor
768 2858 849 2901 sed
881 2875 936 2914 γρ
969 2875 1026 2901 τα
1060 2857 1172 2902 ὄντα
1204 2858 1254 2901 in
1286 2873 1431 2915 marg,
1464 2858 1532 2901 Re
1561 2859 1566 2913 Ι
1595 2873 1712 2901 ουτω
1737 2857 1813 2900 La

124 2915 206 2957 sed
237 2915 286 2957 in
320 2916 375 2959 οὐ
406 2923 467 2960 τῶ
500 2929 601 2960 corr
625 2931 662 2973 p
696 2919 704 2973 Ι
737 2921 798 2976 τῷ
832 2931 906 2960 om
932 2919 1006 2961 Pa
1128 2921 1184 2960 20
1215 2919 1397 2961 πολλῶν
1421 2918 1497 2961 La
1524 2919 1530 2972 Ι
1565 2918 1681 2974 τῷδε
1709 2915 1815 2958 Mor
