2044 3168
233 81 338 134 182
653 81 881 126 LIBANTI
911 45 1300 126 DECLAMATIO
1333 83 1503 128 xxxv

337 223 412 270 Ex
436 222 528 271 hoc
551 223 630 271 vel
654 223 808 271 fratre
833 223 935 271 eius
960 223 1169 287 gemello
1188 223 1422 286 descripti
1446 226 1561 272 sunt
1585 224 1681 273 duo
1703 225 1916 275 codices:

339 298 386 344 4.
419 296 791 345 Monacensis
824 314 894 362 gr.
932 299 997 346 96
1032 312 1154 345 saec.
1189 297 1307 345 XVI
1337 298 1421 347 fol.
1450 299 1519 345 8'.
1583 297 1805 348 Collatus
1842 302 1917 348 est

226 386 256 418 a
295 371 497 419 Reiskia
539 371 591 418 in
630 387 774 420 usum
819 372 989 419 mariti
1028 373 1115 433 qui
1162 388 1274 419 eum
1313 372 1611 420 Bavaricum
1652 373 1918 422 secundum

227 445 530 508 appellatum
563 445 736 493 littera
768 446 817 493 B
847 445 1120 509 insignivit.
1184 445 1311 493 Vide
1343 448 1378 494 t.
1403 446 1450 493 V
1480 463 1527 508 p.
1556 447 1661 495 364
1680 463 1751 509 sq.

227 522 275 567 et

339 594 385 641 5.
425 593 806 642 Matritensis
846 594 1041 642 N-130
1089 609 1212 642 saec.
1244 594 1363 642 XVI
1409 595 1492 643 fol.
1523 596 1604 643 13.
1667 595 1794 644 Vide
1825 598 1861 644 t.
1891 597 1918 645 I

225 684 274 729 p.
302 669 407 717 428
427 682 498 730 sq.

339 743 384 790 6.
417 741 862 791 Laurentianus
886 742 1027 790 LVII
1053 744 1118 790 21
1149 757 1271 790 saec.
1297 737 1530 809 XIVJXV
1561 743 1646 792 fol.
1674 744 1758 792 48.
1790 744 1916 792 Vide

227 818 262 863 t.
288 815 335 862 V
365 833 412 878 p.
445 817 548 864 158
565 832 634 878 sq.

339 892 385 938 7.
417 890 783 939 Barberinus
816 891 868 938 II
888 892 953 938 41
983 906 1115 939 nunc
1130 890 1406 940 Vaticanus
1431 891 1579 940 Barb.
1608 894 1714 940 220
1741 885 1835 959 (=
1852 892 1917 954 B)

225 979 344 1012 saec.
373 963 465 1012 XV
505 965 588 1013 fol.
615 966 736 1013 434.
799 964 926 1013 Vide
957 967 992 1014 t.
1019 965 1044 1012 I
1082 981 1129 1027 p.
1158 966 1227 1014 30
1245 980 1315 1028 sq.
1382 964 1695 1016 Contulimus
1736 983 1827 1031 ego
1868 969 1918 1016 et

226 1038 344 1086 Pius
378 1038 591 1086 Franchi
622 1039 681 1086 de
717 1038 1004 1087 Gavaleriis.

338 1111 525 1174 Corpus
557 1114 849 1161 mutilatum
877 1113 1043 1161 reddit

338 1188 383 1236 8.
416 1187 729 1236 Parisinus
769 1205 840 1252 gr.
876 1189 1017 1238 3019
1052 1203 1175 1236 saec.
1204 1181 1439 1254 XIVJXV
1469 1189 1554 1237 fol.
1583 1190 1726 1238 173&
1791 1189 1916 1237 Vide

226 1263 261 1308 t.
284 1261 358 1309 IV
389 1278 437 1323 p.
465 1263 568 1311 306
589 1277 661 1323 sq.

335 1336 551 1385 Transeo
585 1337 648 1385 ad
682 1332 1010 1400 ‘eclogarios’.

339 1411 383 1459 9.
416 1410 758 1458 Marcianus
787 1427 857 1475 gr.
884 1412 988 1459 439
1017 1404 1112 1478 (=
1137 1403 1212 1477 M)
1238 1426 1361 1459 saec.
1387 1406 1630 1481 XIIJXIII
1660 1412 1743 1461 fol.
1773 1413 1916 1462 188¹&

225 1482 482 1533 Correctus
501 1487 574 1533 est
591 1484 778 1534 duabus
801 1485 1044 1546 manibus,
1068 1485 1264 1533 librarii
1281 1487 1370 1548 qui
1391 1485 1523 1533 idem
1546 1501 1705 1548 pauca
1729 1486 1917 1535 scholia

224 1558 421 1620 scripsit
438 1551 532 1624 (=
550 1556 636 1622 m),
656 1561 706 1607 et
721 1559 992 1608 recentiore
1011 1553 1103 1626 (y).
1145 1558 1271 1607 Vide
1289 1562 1325 1607 t.
1347 1559 1387 1605 V
1405 1577 1452 1622 p.
1474 1561 1577 1608 168
1597 1576 1666 1622 sq.
1702 1560 1916 1609 Contuli.

341 1635 422 1681 10.
469 1633 807 1682 Vaticanus
854 1650 923 1697 gr.
960 1636 1027 1682 82
1070 1627 1165 1700 (--
1200 1628 1298 1699 Va)
1347 1649 1471 1683 saec.
1510 1633 1628 1682 XIV
1674 1635 1759 1683 fol.
1797 1635 1916 1683 159.

225 1704 483 1755 Correctus
524 1709 599 1755 est
638 1723 789 1755 manu
827 1708 1055 1758 secunda.
1116 1707 1243 1756 Vide
1278 1710 1312 1756 t.
1337 1708 1364 1756 I
1401 1724 1447 1770 p.
1475 1709 1543 1756 48
1565 1723 1638 1770 sq.
1703 1707 1915 1758 Contuli.

338 1783 419 1830 11.
452 1781 766 1830 Parisinus
799 1799 869 1845 gr.
898 1783 1040 1830 3014
1075 1798 1198 1830 saec.
1224 1782 1341 1829 XIV
1365 1783 1448 1830 fol.
1478 1783 1621 1830 145&
1654 1782 1782 1831 Vide
1805 1785 1839 1831 t.
1864 1783 1917 1831 H

224 1872 271 1917 p.
299 1856 402 1904 375
425 1870 494 1918 sq.
548 1855 817 1904 Adhibitus
850 1858 926 1904 est
957 1872 986 1903 a
1018 1856 1241 1904 Morello.

340 1931 420 1977 12.
454 1930 884 1979 Ambrosianus
914 1929 941 1977 I
972 1932 1040 1979 49
1077 1924 1210 1996 (460
1249 1930 1302 1978 in
1342 1930 1569 1994 catalogo
1602 1930 1826 1978 Martinii
1867 1932 1917 1980 et

223 1997 410 2068 Bassii)
452 2019 580 2052 anno
618 2005 757 2053 1488
800 2006 1026 2053 exaratus
1067 2005 1151 2053 fol.
1180 2006 1300 2053 376.
1361 2004 1488 2053 Vide
1527 2007 1562 2051 t.
1588 2004 1613 2051 Ι
1643 2021 1690 2066 p.
1719 2006 1822 2053 363
1843 2020 1913 2067 sq.

339 2079 420 2126 13.
453 2078 766 2127 Parisinus
802 2095 873 2142 gr.
908 2080 1049 2126 3018
1084 2094 1209 2127 saec.
1234 2078 1325 2126 XV
1355 2079 1439 2127 fol.
1470 2079 1588 2127 138.
1652 2077 1777 2127 Vide
1808 2082 1844 2126 t.
1869 2078 1916 2126 V

340 2227 420 2273 14.
446 2226 820 2288 Mosquensis
847 2225 1173 2275 bibliothecae
1199 2226 1451 2289 synodalis
1478 2227 1583 2275 489
1610 2219 1755 2294 (olim
1781 2220 1912 2292 317)

225 2314 346 2347 saec.
372 2300 464 2346 XV
495 2300 579 2348 fol.
607 2301 715 2348 83¹⁷.
777 2300 904 2349 Vide
935 2303 970 2348 t.
995 2300 1042 2346 V
1072 2318 1119 2362 p.
1149 2302 1253 2351 180
1271 2317 1342 2362 sq.

338 2375 421 2422 15.
455 2374 900 2422 Escurialensis
941 2371 1176 2424 Τ-Π-15
1220 2367 1349 2441 (151
1392 2376 1445 2422 in
1493 2373 1722 2438 catalogo
1753 2375 1912 2423 Mille—

222 2441 388 2512 riano)
422 2464 446 2495 e
479 2448 750 2497 Barberino
782 2449 890 2510 ipso
922 2449 1002 2496 vel
1033 2450 1137 2496 eius
1169 2449 1305 2497 fonte
1338 2449 1610 2511 descriptus
1642 2464 1765 2497 saec.
1794 2449 1914 2497 XIV

224 2521 308 2569 fol.
338 2524 364 2568 7
372 2523 444 2569 ΟΥ.
506 2521 632 2569 Vide
665 2523 697 2569 t.
724 2522 770 2568 V
800 2539 846 2584 p.
876 2524 904 2569 7
925 2538 995 2584 sq.

339 2597 421 2643 16.
453 2595 776 2644 Vaticanus
810 2594 1252 2645 Ottobonianus
1285 2614 1354 2661 gr.
1383 2598 1449 2645 46
1478 2612 1599 2645 saec.
1624 2591 1912 2660 XVIJXVII

224 2669 307 2717 fol.
338 2672 382 2717 1.
445 2669 569 2717 Vide
601 2672 636 2717 t.
661 2670 733 2718 VI
763 2687 809 2732 p.
839 2672 868 2717 2
887 2685 957 2732 sq.

334 2743 408 2789 Ex
438 2743 515 2791 his
557 2759 680 2805 quos
719 2743 771 2790 in
811 2758 1010 2792 censum
1039 2744 1284 2792 vocandos
1324 2759 1426 2793 esse
1462 2743 1688 2792 duximus
1721 2742 1909 2791 codices

224 2831 307 2863 sex
336 2816 460 2865 GrH
468 2817 619 2865 VBM
636 2815 706 2865 Va
735 2833 907 2865 rursus
938 2818 990 2864 in
1022 2818 1144 2866 duas
1169 2818 1427 2866 discedunt
1457 2818 1674 2866 familias
1701 2832 1907 2879 quarum

223 2890 359 2953 prior
389 2890 638 2939 codicibus
676 2891 800 2939 OrH
810 2892 862 2952 V,
894 2891 1052 2940 altera
1084 2892 1200 2939 ΒΜ
1208 2893 1281 2939 Va
1312 2893 1603 2940 continetur.
