2044 3168
831 457 853 484 ⁹
1017 471 1127 525 XL.

230 589 452 655 Νόμος
491 589 602 641 τὸν
641 589 848 659 ἄνδρα
887 591 1003 659 τὴν
1041 600 1280 661 προῖκα
1311 599 1423 660 τῆς
1453 595 1925 662 μοιχευθείσης

230 676 750 747 ἀποκερδαίνειν.
791 677 1099 749 ἐπείρασέ
1133 700 1230 743 τις
1268 681 1386 748 τὴν
1418 678 1654 734 ἑαυτοῦ
1694 691 1924 750 γυναῖ-

228 785 304 818 κα
343 766 423 829 ὡς
462 765 808 838 ἀλλότριος
848 767 951 821 ἐπὶ
991 771 1250 840 μοιχείᾳ
1288 768 1394 822 καὶ
1428 761 1616 823 εἷλεν.
1657 770 1685 823 6
1715 772 1922 840 πατὴρ

227 855 343 923 τὴν
382 857 704 926 αἰσχύνην
741 858 1059 926 πτοηθεὶς
1099 857 1423 912 ἐπέδωκεν
1470 858 1699 930 ἑτέραν
1737 868 1922 928 προῖ-

183 965 317 999 sxa.
372 945 401 999 6
443 945 511 998 δὲ
557 947 663 999 καὶ
709 948 953 1015 ταύτην
999 944 1093 1016 ἐφ’
1141 942 1237 1011 οἷς
1283 949 1389 1001 καὶ
1435 949 1551 1017 τὴν
1597 948 1924 1019 προτέραν

227 1033 494 1104 κατέσχε
549 1034 653 1088 καὶ
705 1036 733 1089 6
781 1038 986 1106 πατὴρ
1044 1032 1242 1099 αὖθις
1297 1035 1526 1107 ἑτέραν
1582 1037 1922 1091 ἐπέδωκεν.

228 1124 309 1186 ὡς
348 1121 416 1177 δὲ
455 1132 656 1177 ταῦτα
693 1126 1010 1189 πολλάκις
1050 1125 1301 1189 ἐκεῖνος
1347 1127 1462 1193 μὲν
1515 1126 1750 1196 ἐποίει,
1788 1128 1821 1197 ἡ
1863 1126 1923 1180 δ’

227 1212 536 1282 ἠπατᾶτο,
585 1218 971 1268 τελευταῖον
1018 1214 1046 1268 6
1093 1216 1300 1284 πατὴρ
1348 1216 1453 1268 καὶ
1508 1215 1923 1287 ἀμφοτέρους

706 1303 1096 1367 ἀποκτείνας
1133 1306 1443 1372 κρίνεται.

159 1459 202 1491 10
864 1439 1276 1508 Προθεωρία.

136 1559 259 1605 RIV
277 1565 361 1603 582
527 1556 571 1608 1.
609 1557 907 1626 Δυστυχὴς
946 1556 974 1610 6
1014 1558 1189 1627 πατὴρ
1230 1557 1320 1611 καὶ
1358 1566 1469 1611 τῶν
1507 1559 1725 1612 πώποτε
1762 1557 1921 1612 πατέ-

227 1664 341 1713 ρων
395 1643 423 1698 6
480 1644 927 1715 δυστυχέστατος.
990 1644 1150 1715 ξίφος
1211 1648 1315 1716 γὰρ
1369 1648 1476 1718 πρὸ
1530 1655 1730 1717 μικροῦ
1784 1649 1919 1701 κατὰ

224 1734 474 1803 νυμφίου
513 1732 604 1787 καὶ
643 1736 840 1797 παιδὸς
886 1736 1209 1804 νεονύμφου
1262 1735 1518 1789 ἐπέσεισε.
1564 1735 1656 1789 καὶ
1706 1739 1920 1806 θερμὸν

342 1896 387 1939 L
456 1917 511 1932 =
538 1894 693 1940 Codex
724 1896 1066 1941 Laurentianus
1097 1896 1221 1941 LVII
1246 1902 1299 1940 27

343 1955 416 1998 Pa
455 1977 511 1991 =
536 1955 774 1999 Parisinus
807 1970 873 2013 gr.
901 1959 1016 1999 3018

345 2015 434 2058 Μα
459 2036 514 2050 =
539 2014 828 2059 Matritensis
860 2019 992 2070 4679,
1027 2015 1140 2059 olim
1173 2015 1315 2059 N-49

345 2074 397 2117 Ol
451 2096 507 2110 =
533 2073 846 2119 Berolinensis
878 2091 944 2132 gr.
974 2080 1072 2129 195,
1105 2075 1218 2119 olim
1250 2075 1633 2120 Claromontanus

352 2133 407 2176 Vi
448 2154 503 2169 =
529 2133 906 2179 Vindobonensis
937 2133 1103 2190 philos.
1138 2137 1186 2179 et
1215 2134 1379 2191 philol.
1404 2134 1468 2178 IV
1493 2139 1548 2178 82

341 2193 386 2236 B
450 2214 504 2228 =
531 2191 811 2238 Barberinus
835 2194 955 2238 1141
991 2208 1114 2238 nunc
1147 2194 1401 2238 Vaticanus
1433 2193 1569 2238 Barb.
1598 2197 1683 2237 220

351 2252 419 2296 Va
451 2273 507 2288 =
532 2251 789 2297 Vaticanus
820 2269 888 2311 gr.
915 2258 969 2298 82

344 2405 365 2444 1
402 2399 558 2456 Sopat.
585 2401 702 2446 rhet.
721 2416 794 2457 gr.
813 2401 919 2445 VIII
944 2406 1044 2457 229,
1058 2406 1110 2446 18
1129 2416 1194 2458 sq.
1215 2402 1285 2445 ed.
1305 2400 1451 2445 Walz.
1472 2402 1585 2445 Ach.
1605 2401 1654 2445 Τ.
1674 2401 1780 2445 VIII
1805 2405 1846 2456 8,
1861 2405 1912 2445 13

343 2554 363 2592 1
391 2546 517 2605 ’Ἄλλη
550 2547 722 2605 μελέτη.
750 2546 994 2599 Ὑπόθεσις
1026 2552 1135 2594 ante
1159 2547 1323 2606 Νόμος
1346 2549 1448 2594 Mor
1471 2549 1538 2593 Re
1601 2548 1750 2592 delevi
1778 2551 1784 2606 Ι
1814 2546 1912 2593 Νό-

222 2625 305 2664 μος
331 2635 384 2640 -
412 2613 436 2651 9
469 2607 676 2662 κρίνεται
707 2609 832 2651 inser
865 2608 955 2653 Va²
1097 2614 1124 2652 4
1167 2607 1326 2663 ἑτέραν
1367 2606 1599 2652 ἐπέδωκεν
1624 2608 1772 2652 BVa²

223 2672 248 2710 6
282 2667 498 2725 κατέσχεν
526 2668 614 2711 Μα
641 2669 646 2723 Ι
683 2667 913 2712 ἐπέδωκεν
940 2669 1028 2712 Ma
1060 2668 1141 2712 sed
1174 2668 1204 2710 ἀ
1238 2682 1376 2723 supra
1410 2667 1431 2711 ἐ
1461 2667 1531 2710 m⁸
1593 2666 1832 2711 ἀπέδωκεν
1859 2668 1912 2712 ΟΖ

343 2731 366 2770 7
400 2727 483 2782 μὲν
516 2726 692 2776 ἐκεῖνος
716 2727 865 2771 BVa²
913 2727 919 2785 Ι
970 2726 997 2782 ἡ
1031 2724 1076 2770 δ’
1115 2726 1280 2782 scripsi
1348 2724 1426 2783 ’ἥδ’
1453 2727 1722 2771 LPaMaGl
1736 2727 1790 2771 Vi
1821 2726 1912 2769 edd

221 2784 250 2840 ἡ
283 2787 334 2830 δὲ
360 2785 509 2829 BVa²
628 2790 654 2829 8
687 2786 766 2829 καὶ
798 2786 972 2828 inserui
997 2799 1022 2829 e
1048 2786 1261 2830 MaCle·
1322 2799 1398 2828 om
1422 2787 1589 2830 LPaB
1605 2787 1670 2830 Va
1702 2785 1792 2828 edd

222 2849 247 2886 9
274 2842 337 2887 ‘H
365 2845 519 2895 στάσις
551 2844 841 2902 ἀντέγκλημα
873 2847 980 2900 post
1010 2843 1229 2897 κρίνεται.
1257 2846 1468 2889 LPaMa
1501 2845 1601 2887 Mor
1631 2845 1698 2887 Re
1760 2843 1910 2888 delevi

223 2903 279 2947 cf.
299 2905 359 2947 ad
376 2919 418 2960 p.
441 2908 576 2959 326‚6
701 2908 754 2947 10
780 2904 808 2960 ἡ
827 2906 935 2947 ante
952 2902 1224 2959 προθεωρία
1239 2904 1385 2947 MaOl
1398 2905 1452 2948 Vi
1468 2904 1579 2947 Ferr
1605 2907 1612 2960 1
1639 2902 1911 2958 προθεωρία

220 2962 270 3005 in
300 2977 433 3021 marg
463 2963 574 3006 rubr
601 2964 645 3007 L

2019 420 2037 558 flamm.
2020 389 2026 405 ,
2015 344 2023 369 -⁴
