2014 3158
2 2311 25 2555 *maso-‘⁷⁸2⁶‘
2 2271 9 2304 «ἢ

6 2894 23 3041 ῑὶΚἯ“

409 150 815 196 PH'ILADELPHI
849 152 1271 198 ABDICATIONIS
1304 153 1544 199 ΡΕΤΙΤΙΟ
1724 155 1831 207 619

140 290 383 355 οἰκίαν,
423 290 537 342 τὸν
574 287 816 356 πατέρα
857 285 925 341 δὲ
965 296 1073 357 τῆς
1113 288 1214 342 ἐπὶ
1262 297 1333 360 τῇ
1373 297 1571 362 πικρᾷ
1619 294 1831 359 κρίσει

141 376 330 446 δόξης
363 376 738 442 ἀπαλλάξαι.
783 377 865 430 18.
895 379 1069 440 εἰκὸς
1102 378 1170 430 δὲ
1202 378 1403 433 αὐτὸν
1435 380 1832 449 αἰσχυνθέν-

138 487 212 521 τα
266 484 383 520 σου
437 468 553 536 τὴν
608 466 841 535 ἀρετὴν
895 467 1309 536 ἡμερώτερόν
1370 487 1501 531 πως
1554 468 1831 542 κάκείνῳ

139 555 468 624 γενέσθαι.
509 557 586 608 σὺ
627 553 695 608 δὲ
734 554 838 608 καὶ
878 556 1038 624 πρὸς
1076 557 1189 609 τὸν
1230 558 1436 625 δῆμον
1476 560 1686 611 εἰπεῖν
1726 558 1832 612 καὶ

139 644 219 699 δι’
267 645 524 698 ἐκείνου
573 643 811 714 πρᾶξαι
858 646 968 707 τὰς
1016 647 1304 708 σπονδὰς
1354 645 1459 699 καὶ
1507 649 1662 714 μετὰ
1707 657 1833 702 τῶν
1880 669 1899 702 5
1973 719 1975 721 r

139 736 352 788 ἄλλων
399 734 432 788 ἃ
480 735 841 802 λαμβάνειν
886 736 1084 801 νόμος
1131 735 1236 788 καὶ
1284 744 1475 789 τοῦτο
1533 736 1833 806 ἐπαγγεῖ-

139 830 257 878 λαι.
311 825 565 886 πάντως
621 823 689 876 δὲ
734 827 982 877 πολλοῦ
1036 834 1235 877 πᾶσιν
1282 823 1479 888 ἄξιοςμ
1511 818 1571 878 εἷ
1612 826 1718 879 καί
1764 828 1832 880 τὸ

138 915 406 975 δικαίως
452 914 663 965 αἰτεῖν
710 912 830 966 ἀπὸ
878 920 988 981 τῆς
1040 912 1497 982 ἀνδραγαθίας
1536 911 1674 968 ἔστι
1715 931 1830 970 σοι.

141 1002 222 1055 19.
263 1001 518 1070 ἐκκλησία
564 1004 759 1055 τοίνυν
799 1003 931 1071 μετὰ
980 1009 1152 1054 ταῦτα
1192 1001 1282 1055 καὶ
1322 1004 1660 1072 καλούμενος
1697 1022 1833 1074 παρ-

136 1090 254 1162 ῄειν
309 1092 605 1158 ἄνθρωπος
660 1088 743 1143 ἐπ’
800 1091 1047 1162 ἀριστείᾳ
1096 1094 1366 1161 κατηφής,
1414 1091 1680 1163 ἀφῃρεῖτο
1727 1095 1831 1163 γὰρ
1860 1116 1901 1148 ιο
1959 1090 1964 1099 ’

134 1182 235 1249 τὴν
282 1179 370 1234 ἐπὶ
416 1190 532 1243 τοῖς
579 1182 972 1249 κατορθώμασι
1020 1182 1361 1291 φαιδρότητα
1408 1183 1469 1234 τὸ
1517 1190 1612 1251 τῆς
1660 1184 1835 1247 οἰκίας

136 1269 401 1339 ἀτύχημα,
441 1268 712 1340 μνησθεις
752 1267 812 1323 δὲ
851 1278 947 1338 τῆς
985 1269 1159 1339 μάχης
1204 1270 1294 1324 καὶ
1335 1274 1516 1340 φήσας
1556 1272 1655 1341 οὐχ
1695 1273 1835 1340 ὑμᾶς

135 1357 255 1429 ἐμοὶ
295 1360 417 1412 δεῖν
454 1357 602 1429 ἔχειν
641 1357 822 1429 χάριν,
862 1358 978 1412 ἀλλ’
1027 1335 1274 1426 ἐμαυτὸν
1304 1370 1420 1423 τοῖς
1462 1359 1833 1431 παραταξαμέ-

83 1467 105 1474 ·
133 1469 253 1512 νοις
285 1454 441 1512 θεοῖς
474 1449 664 1518 ὅμως,
698 1451 857 1543 ἔφην,
883 1447 1233 1519 ἐπειδήπερ
1268 1451 1480 1503 αἰτεῖν
1509 1451 1832 1519 κελεύετε,

135 1540 207 1592 τὰ
248 1540 506 1607 συνήθη
546 1537 686 1607 μέν,
727 1535 768 1591 ὦ
801 1537 987 1608 πάτερ,
1027 1537 1131 1591 καὶ
1174 1537 1254 1591 δι’
1294 1535 1380 1592 ὧν
1414 1549 1552 1603 τοῖς
1591 1541 1831 1607 λαμβά-
1858 1561 1899 1594 15

137 1642 374 1682 νουσιν
415 1627 691 1696 εὐπορία
729 1646 794 1680 τε
832 1626 939 1680 καὶ
971 1628 1040 1680 τὸ
1082 1630 1418 1698 λαμπροὺς
1451 1623 1623 1682 εἶναι
1655 1647 1833 1698 περι»

132 1719 459 1787 γίγνεται,
500 1709 644 1770 οἷον
682 1715 937 1786 πλέθρα
974 1724 1091 1786 γῆς
1128 1717 1624 1787 πεφυτευμένης
1662 1717 1695 1786 ἢ
1729 1716 1833 1771 τά-

133 1812 334 1861 λαντα
374 1805 698 1876 ἀργυρίου
739 1806 772 1876 ἢ
804 1809 1069 1875 σίτησιν
1108 1805 1177 1860 ἐν
1214 1809 1587 1880 πρυτανείῳ
1618 1807 1651 1876 ἢ
1686 1812 1834 1876 χαλ-

132 1904 252 1966 κῆν
291 1898 540 1964 εἰκόνα,
572 1896 824 1949 τούτων
856 1895 997 1965 μέν,
1032 1898 1192 1964 ἔφην,
1225 1905 1352 1949 τῶν
1385 1901 1695 1965 λαμπρῶν
1726 1898 1834 1950 οὔ-

131 2003 223 2038 πω
278 1983 648 2055 πράττομεν
703 1983 921 2053 ἀξίως,
976 1983 1137 2038 ἀλλά
1192 2005 1302 2052 μοι
1355 1987 1503 2039 δότε
1566 1984 1831 2054 δωρεάν.
1858 2007 1900 2039 20

136 2074 219 2129 20.
259 2075 351 2127 καὶ
398 2074 696 2142 κρατηθεὶς
750 2075 1024 2142 δάκρυσιν
1080 2073 1333 2144 ε’σίγησα,
1383 2078 1727 2129 κελευόντων
1774 2072 1834 2128 δὲ

133 2164 292 2233 ὑμῶν
332 2167 512 2231 λέγειν
550 2161 643 2216 καὶ
686 2168 940 2233 θαρρεῖν,
982 2164 1054 2226 ὡς
1093 2164 1261 2217 οὐδὲν
1299 2164 1436 2234 <ὂν>
1468 2164 1497 2218 ὅ
1536 2185 1589 2218 τι
1629 2165 1695 2218 οὐ
1729 2165 1832 2218 δώ-

134 2267 251 2306 σετε
292 2246 449 2305 εἶπον
489 2253 590 2321 τὴν
624 2250 630 2323 Ι
665 2251 930 2322 Ἐριννὺν
975 2260 1071 2321 τῆς
1118 2254 1294 2316 οἰκίας
1331 2253 1365 2322 ἣ
1405 2254 1471 2306 τὰ
1515 2268 1648 2321 συμ-
1696 2258 1818 2302 RIV
1835 2263 1919 2303 693

133 2343 420 2410 πεφυκότα
461 2339 739 2409 διέσπασε,
779 2342 880 2410 τὴν
921 2342 1220 2411 συμφορὰν
1257 2341 1563 2411 τάδελφοῦ,
1603 2344 1703 2411 τὴν
1742 2342 1831 2410 ὀρ-

134 2431 240 2499 γὴν
286 2437 386 2483 τοῦ
433 2431 660 2499 πατρός,
708 2430 781 2492 ὡς
828 2429 1102 2499 ἀκούομεν
1147 2440 1349 2496 κακῶς,
1397 2432 1470 2493 ὡς
1515 2432 1829 2503 τραγῳδού-
1855 2453 1897 2485 25

255 2566 307 2605 17
342 2560 398 2605 cf.
433 2560 493 2604 ad
525 2575 569 2617 p.
603 2564 704 2615 449,
726 2564 783 2604 13

254 2684 281 2722 4
314 2680 361 2724 σὲ
387 2681 432 2724 Β
569 2683 594 2721 5
627 2678 802 2733 πράξαι
826 2681 1070 2725 LPMosB
1103 2680 1194 2724 edd
1333 2685 1355 2723 7
1389 2678 1579 2724 πάντων
1610 2679 1712 2723 Mor

136 2743 162 2782 8
195 2737 289 2783 ἐστι’
314 2739 566 2784 AthMosB
598 2738 699 2781 Mor
730 2738 797 2781 Re
944 2744 996 2782 11
1030 2740 1113 2796 τὴν
1147 2753 1221 2782 om
1247 2741 1290 2783 L
1322 2739 1431 2782 Ferr
1576 2743 1629 2782 14
1667 2738 1829 2795 ἐπειδὴ

135 2798 243 2853 περὶ
266 2799 360 2842 Ath
482 2801 536 2841 16
568 2795 852 2853 περιγίνεται
878 2798 986 2843 Mos
1009 2799 1101 2842 edd
1223 2803 1277 2840 22
1305 2795 1358 2841 ὃν
1382 2797 1559 2841 inserui
1621 2811 1696 2841 om
1719 2797 1829 2841 libri

137 2856 226 2900 edd
263 2859 269 2913 Ι
304 2858 500 2901 δώσεται
523 2857 566 2900 L
689 2860 743 2900 23
771 2855 992 2911 Ἐριννῦν
1015 2858 1262 2902 LPMosB
1295 2856 1385 2899 edd
1507 2861 1562 2900 25
1595 2857 1656 2908 ὡς
1688 2857 1827 2902 ἀκού-

138 2931 248 2972 ομεν
279 2923 432 2966 κακῶς
463 2929 538 2959 om
562 2915 665 2958 Mor
696 2915 764 2959 Re
796 2915 877 2970 qui
909 2916 1124 2960 adnotat:
1160 2930 1304 2972 „quae
1334 2916 1554 2960 vocabula
1584 2917 1738 2961 nescio
1765 2931 1828 2960 an

136 2976 355 3020 scholium
385 2977 479 3020 sint
509 2975 632 3019 verbi
662 2974 1063 3034 τραγῳδούμεθα“
