2020 3146
941 492 1188 546 XXXIV.

340 617 651 665 Declamatio
681 617 923 679 inscripta
959 615 1339 682 Φιλαργύρου
1377 620 1516 675 παῖς
1554 623 1657 665 τοῦ
1698 617 1920 684 πατρὸς

228 691 380 760 αυτῷ
408 690 740 752 κάμνοντος
771 687 988 780 ηύξατο
1021 692 1094 758 τῷ
1121 683 1449 756 Ἀσκληπιῷ
1489 690 1775 740 τάλαντον
1808 691 1919 741 δώ-

228 779 374 826 σειν,
402 764 453 814 εἰ
476 762 501 813 ὅ
526 763 712 830 πατὴρ
738 762 842 827 τὴν
867 763 1046 814 νόσον
1072 763 1371 829 διαφύγοι
1403 763 1662 849 ὑγιάνας
1679 762 1704 814 ὅ
1727 764 1918 832 πατὴρ

227 837 623 904 ἀποκηρύττει
653 837 755 887 τὸν
785 837 967 886 παῖδα
997 854 1096 900 qua
1121 855 1299 887 avarus
1322 839 1482 886 filium
1507 840 1625 901 quia
1648 840 1702 887 in
1725 855 1918 889 summo

225 914 360 962 vitae
392 913 551 976 patris
592 912 874 961 discrimine
904 911 1202 974 Aesculapio
1241 914 1491 961 talentum
1530 916 1736 962 voverat
1779 914 1917 962 abiu-

227 988 375 1043 dicat‚
410 988 635 1049 quamvis
668 1002 698 1033 a
729 986 929 1034 Libanii
959 988 1160 1050 ingenio
1198 989 1396 1035 tantum
1435 988 1680 1050 discrepet
1710 990 1767 1036 ut
1796 988 1919 1036 mihi

227 1061 288 1109 ab
330 1078 386 1109 eo
426 1061 756 1109 abiudicanda
796 1076 900 1109 esse
938 1055 1246 1128 videatur1)‚
1283 1064 1452 1109 tamen
1492 1062 1626 1123 apud
1656 1062 1919 1111 facundiae

348 1219 388 1274 1)
422 1217 758 1262 Desiderantur
797 1217 972 1274 gratia,
1015 1217 1268 1271 festivitas,
1313 1217 1542 1272 sollertia,
1581 1218 1785 1262 varietas
1825 1232 1919 1263 ser-

225 1277 389 1321 monis.
454 1276 703 1333 Comparet
734 1276 980 1330 sterilitas,
1017 1276 1229 1332 ariditas,
1259 1277 1451 1330 inertia,
1483 1277 1657 1334 inopia.
1721 1276 1918 1321 Crebrae

225 1338 335 1381 sunt
364 1336 669 1393 repetitiones
702 1338 750 1379 et
779 1312 1112 1379 vocabulorum
1143 1338 1190 1380 et
1230 1336 1589 1390 sententiarum,
1631 1336 1793 1380 crebra
1822 1351 1918 1380 non

223 1396 379 1440 minus
401 1395 715 1470 polysyndeta
739 1410 879 1451 quam
904 1396 1145 1450 asyndeta.
1187 1395 1454 1439 Abhorrent
1477 1410 1504 1439 a
1519 1395 1716 1440 Libanio
1740 1396 1919 1440 formae

224 1451 280 1513 ἧς
309 1469 392 1511 pro
425 1449 555 1510 ἦσθα
586 1470 630 1511 p.
660 1459 759 1510 124,
777 1459 803 1497 4
838 1455 980 1511 (utin
1003 1454 1431 1498 Pseudolibaniana
1456 1454 1797 1499 declamatione
1821 1455 1918 1512 Hy-

222 1515 399 1571 peridis
423 1516 456 1558 t.
481 1514 546 1558 VI
570 1518 653 1557 259
660 1516 755 1570 ,38)
788 1510 923 1566 οἷδας
944 1528 1029 1570 pro
1054 1510 1198 1558 οἶσθα
1221 1529 1266 1570 p.
1295 1519 1394 1568 124,
1412 1519 1461 1568 2,
1493 1510 1599 1558 οἷσα
1629 1528 1712 1571 pro
1745 1513 1918 1571 ἤνεγκα

221 1590 266 1631 p
289 1578 478 1630 134,10;
504 1571 729 1629 ἐκέρδησα
750 1587 835 1629 pro
862 1572 1090 1628 ἐκέρδανα
1113 1577 1345 1629 Ρ.130,18
1372 1549 1461 1630 (Hcs.
1464 1589 1509 1629 p.
1529 1578 1656 1628 8,113
1684 1576 1716 1617 t.
1735 1573 1916 1630 IV227,

226 1638 281 1677 14
297 1633 376 1690 R),
423 1632 654 1677 voeabula
700 1632 861 1688 qualia
907 1631 1321 1690 δυσκαταμάχητος
1355 1648 1399 1689 p.
1429 1637 1624 1687 12Ο,10;
1673 1631 1915 1692 διενοχλέω

222 1708 267 1749 Ρ.
295 1697 490 1746 122,11;
523 1691 612 1750 γὰρ
638 1694 805 1747 quarto
829 1691 931 1736 loco
963 1692 1169 1748 positum
1194 1707 1237 1748 p.
1264 1697 1365 1748 126,
1383 1697 1431 1746 6,
1467 1697 1564 1746 127,
1586 1696 1633 1745 13
1664 1692 1782 1748 ἔφην
1807 1695 1915 1736 ante

221 1752 399 1796 verba
386 1767 491 1808 lpsa
518 1751 725 1808 positum
757 1767 802 1808 p.
830 1756 929 1807 126,
940 1755 988 1804 43
1023 1755 1211 1805 130,10;
1248 1752 1556 1827 εὐγνωμονεῖν
1589 1765 1693 1794 011111
1726 1765 1916 1795 accusa-

222 1812 318 1855 tivo
343 1812 659 1855 constructum
675 1826 719 1867 p.
733 1814 921 1866 130,103
947 1807 996 1855 εὗ
1015 1813 1259 1855 ποιεῖσθαι
1280 1825 1365 1867 pro
1390 1807 1440 1855 εὖ
1457 1809 1652 1867 πάσχειν
1669 1825 1714 1866 Ρ.
1736 1815 1818 1854 135
1823 1816 1917 1867 ,16,

224 1871 385 1927 quod
372 1884 469 1914 iam
494 1869 694 1914 Cobetus
719 1869 849 1914 Misc.
874 1885 919 1926 p.
940 1875 1024 1913 149
1049 1870 1245 1914 Libanio
1271 1869 1520 1927 opprobrio
1549 1870 1712 1924 vertit3
1744 1869 1809 1920 εἰς
1830 1884 1915 1926 Ρ1·ο

223 1930 311 1975 ἐν’
298 1945 347 1973 111
372 1930 614 1974 enuntiato
648 1929 713 1980 εἰς
742 1928 828 1985 τὴν
851 1927 1053 1984 καρδίαν
1078 1929 1164 1986 ἔχω
1189 1944 1233 1985 Ρ.
1263 1934 1362 1984 133,
1381 1934 1456 1983 12;
1489 1928 1745 1972 infinitivus
1769 1928 1915 1973 futuri

224 2004 360 2033 sensu
384 1988 515 2031 finali
538 1990 647 2044 post
669 1990 822 2032 motus
845 1989 1039 2032 verbum
1061 1988 1244 2044 positus
1259 2003 1304 2045 p.
1327 1993 1425 2044 133,
1443 1992 1470 2030 4
1495 1987 1703 2032 δικάσειν
1729 1991 1916 2045 συνελη-

222 2048 414 2102 λύθασις
434 2048 755 2092 coniunctivus
773 2047 935 2091 aoristi
953 2047 1052 2091 sine
1069 2047 1128 2092 ἄν
1145 2047 1378 2104 particula
1394 2049 1502 2103 post
1519 2047 1679 2097 ὁσάκις
1690 2062 1733 2103 p.
1748 2052 1845 2101 133,
1859 2052 1914 2091 15

224 2106 384 2157 ὁσάκις
415 2108 696 2163 ἐνθυμηθῶς
728 2106 1011 2150 indicativus
1043 2106 1190 2150 futuri
1222 2121 1327 2150 cum
1359 2106 1419 2151 ἄν
1443 2121 1487 2162 Ρ
1516 2110 1710 2162 120,14;
1746 2111 1913 2162 121,13

225 2171 420 2220 126,163
453 2168 687 2210 structura
718 2166 870 2221 qualis
903 2166 984 2210 καὶ
1013 2163 1434 2223 κατεγνωσμένος
1418 2165 1477 2208 ἂν
1507 2165 1619 2240 τύχῃ
1653 2181 1696 2221 Ρ.
1725 2169 1913 2220 139,143

225 2225 463 2282 optativus
496 2225 659 2269 aoristi
688 2223 884 2281 θείημεν
914 2224 991 2269 vel
1021 2225 1304 2269 indicativus
1335 2224 1483 2268 futuri
1507 2223 1601 2278 ἄξω
1625 2226 1734 2280 post
1758 2225 1914 2282 βούλει

221 2299 266 2340 Ρ.
295 2289 394 2340 126,
413 2289 438 2328 5
473 2286 519 2328 et
554 2289 651 2340 128,
670 2289 710 2328 3.
775 2283 897 2336 Quid
944 2285 1003 2328 ab
1052 2286 1151 2327 arte
1188 2284 1450 2328 Libaniana
1495 2283 1646 2340 magis
1687 2284 1912 2327 absonum

223 2343 421 2399 cogitari
452 2345 608 2400 potest
638 2357 780 2398 quam
811 2343 986 2387 locutio
1017 2358 1063 2399 p.
1090 2348 1189 2398 135,
1210 2350 1232 2388 1
1268 2341 1414 2388 εἰκόνι
1445 2343 1526 2387 τὸν
1557 2341 1820 2398 Ασκληπιὸν
1851 2343 1913 2394 ὡς

222 2401 464 2458 εὐεργέτην
496 2402 758 2459 γράφουσιῖ
819 2402 1123 2446 Desideratur
1155 2378 1363 2446 studium
1395 2403 1672 2458 scriptorum
1704 2403 1912 2445 veterum

222 2475 336 2516 quos
369 2461 591 2505 Libanius
631 2476 765 2504 suum
803 2461 852 2503 in
883 2476 1019 2505 usum
1051 2462 1300 2517 convertit,
1343 2460 1572 2517 imprimis
1617 2460 1911 2516 comicorum,

220 2519 562 2573 DemostheniS,
595 2520 824 2573 Platonis,
859 2521 1144 2576 conspicitur
1169 2534 1274 2564 vero
1303 2520 1509 2564 studium
1533 2519 1718 2562 Libanii
1749 2520 1910 2576 ipsius,

222 2579 354 2623 cuius
387 2578 667 2623 declamatio
700 2580 980 2623 antecedens
1013 2582 1249 2623 auctorem
1275 2580 1335 2622 ad
1358 2580 1480 2623 hanc
1511 2578 1776 2635 fingendam
1807 2594 1909 2635 per-

220 2639 419 2682 movisse
457 2638 660 2690 videtur,
707 2639 761 2681 ut
800 2639 915 2682 haec
954 2652 1115 2682 ansam
1156 2639 1287 2682 dedit
1327 2637 1660 2681 declamationi
1699 2637 1910 2696 Gregorii

222 2696 392 2753 Cyprii.
426 2696 594 2741 Kockii
618 2696 760 2754 (Com.
778 2697 875 2740 Att.
894 2697 965 2742 Fr.
982 2697 1047 2741 ΠΙ
1068 2713 1114 2753 p.
1133 2702 1218 2741 673
1242 2713 1286 2742 n.
1307 2698 1617 2753 1540-1547)
1642 2710 1747 2740 vero
1773 2710 1909 2740 cona-

220 2757 350 2799 mina
381 2756 520 2799 verba
553 2755 907 2799 declamationis
942 2757 1002 2799 ad
1040 2770 1197 2801 versus
1230 2755 1498 2800 comoediae
1529 2755 1737 2811 Atticae,
1770 2770 1908 2811 quam

219 2815 505 2859 Philemonis
536 2815 680 2858 fuisse
705 2815 967 2871 suspicatus
993 2817 1077 2869 est,
1109 2815 1355 2859 revocandi
1386 2828 1479 2858 non
1509 2815 1663 2858 minus
1687 2828 1827 2870 quam
1858 2814 1909 2857 in

220 2874 436 2931 genuinis
480 2873 900 2918 declamationibus
944 2874 1252 2930 improbanda
1295 2875 1427 2918 duco.
1491 2872 1556 2917 Cf.
1591 2875 1622 2917 t.
1649 2873 1713 2917 VI
1749 2888 1793 2929 p.
1820 2878 1903 2916 611

220 2934 314 2976 not.
341 2937 379 2977 3.
