2014 3158
548 126 689 171 FILII
721 126 1005 172 ABDICATI
1036 126 1335 172 DEFENSIO
1688 128 1795 180 547

102 262 197 332 (=
223 261 304 334 Ol)
346 283 470 315 saec.
496 267 615 315 XIV
649 267 733 316 fol.
762 268 866 316 126
909 260 1068 334 (334)
1118 266 1203 329 qui
1252 283 1309 314 ex
1357 267 1527 316 eodem
1574 284 1671 330 quo
1703 269 1799 316 Ma

101 341 247 389 fluxit
293 342 563 404 exemplari
610 345 660 389 et
706 341 899 390 duabus
938 340 1167 388 manibus
1211 334 1308 407 (m2
1340 345 1389 389 et
1419 335 1515 405 ωδ)
1549 344 1800 390 correctus

104 419 191 464 est.
240 415 367 463 Vide
398 417 434 464 t.
459 415 531 463 IV
563 433 608 478 p.
635 417 744 464 410
762 431 834 477 sq.
875 415 949 463 De
981 413 1071 479 ἔχω
1102 430 1254 462 manu
1284 417 1554 465 recentiore
1585 417 1637 463 in
1669 432 1798 464 mar-

103 490 217 554 gine
247 489 383 538 initii
416 490 791 538 declamationis
825 490 1008 550 scripto
1042 489 1101 538 cf.
1135 492 1169 536 t.
1196 489 1241 535 V
1273 506 1319 551 p.
1348 491 1470 538 413.
1509 489 1722 539 Contuli.

216 565 299 611 27.
331 564 646 612 Parisinus
685 581 756 627 gr.
784 565 890 613 854
924 578 1049 612 saec.
1073 562 1192 610 XIV
1228 563 1313 611 fol.
1342 565 1487 612 311'.
1535 563 1660 612 Vide
1692 566 1727 611 t.
1753 564 1799 611 V

100 655 148 700 p.
178 640 277 686 171
300 653 371 700 sq.

216 714 298 760 28.
331 711 763 760 Ambrosianus
802 711 828 759 Ι
852 712 921 759 49
949 726 1056 773 sup.
1084 703 1218 777 (460
1242 712 1295 758 in
1321 712 1548 775 catalogo
1573 712 1799 760 Martinii

104 789 155 834 et
185 780 371 851 Bassii)
397 801 528 833 anno
556 786 696 833 1488
723 788 952 834 exaratus
981 785 1066 833 fol.
1087 786 1234 834 220V.
1266 785 1393 833 Vide
1417 788 1451 833 t.
1469 786 1495 832 Ι
1525 803 1573 848 p.
1601 787 1706 834 363
1725 802 1797 848 sq.

216 862 299 908 29.
342 859 658 907 Parisinus
695 877 766 923 gr.
801 861 941 907 3017
985 874 1110 907 saec.
1143 859 1235 907 XV
1266 859 1350 908 fol.
1386 861 1491 909 204
1526 877 1585 907 ex
1627 861 1797 909 eodem

102 950 199 996 quo
239 934 594 982 Ambrosianus
626 934 652 981 I
676 935 744 982 49
788 934 1077 995 descriptus.
1122 933 1251 980 Vide
1291 936 1326 982 t.
1350 933 1403 981 H
1434 952 1479 996 p.
1507 935 1541 981 4
1560 949 1632 996 sq.
1679 935 1797 983 Pro·

102 1008 347 1056 theoriam
379 1009 594 1055 contulit
624 1008 994 1056 Boissonadius.

214 1083 298 1130 30.
329 1081 766 1130 Ambrosianus
798 1081 839 1128 L
873 1083 941 1130 64
979 1081 1108 1144 (485
1142 1082 1195 1130 in
1227 1083 1458 1146 catalogo
1490 1081 1718 1137 Martinii
1749 1084 1800 1130 et

100 1150 289 1221 Bassii)
330 1171 453 1204 saec.
480 1155 597 1203 XIV
637 1157 722 1204 fol.
750 1158 834 1204 47.
888 1155 1016 1203 Vide
1047 1158 1083 1203 t.
1115 1155 1141 1203 Ι
1171 1172 1217 1217 p.
1245 1157 1350 1204 426
1370 1171 1442 1218 sq.

214 1231 297 1277 31.
330 1230 672 1278 Marcianus
705 1246 774 1293 gr.
802 1232 907 1278 445
943 1245 1067 1278 saec.
1091 1230 1182 1277 XV
1212 1230 1298 1279 fol.
1328 1231 1471 1278 162V.
1507 1230 1797 1292 Descriptus

102 1307 175 1352 est
214 1306 257 1351 si
294 1320 393 1352 non
436 1320 495 1352 ex
539 1306 648 1366 ipso
680 1304 1051 1353 Vindobonensi
1083 1298 1196 1370 (Vi)
1243 1306 1374 1352 certe
1414 1320 1439 1352 e
1479 1305 1645 1352 codice
1685 1320 1798 1352 cum

99 1379 192 1427 hoc
239 1378 487 1426 artissime
536 1379 848 1440 cohaerente,
897 1378 980 1426 sed
1027 1395 1126 1428 non
1171 1394 1373 1440 prorsus
1418 1379 1798 1440 mutationibus,

99 1452 238 1500 velut
284 1450 518 1517 ἔγνωσται
563 1469 653 1515 pro
695 1452 976 1518 γνωρίζεται
1013 1469 1060 1514 p.
1089 1453 1211 1514 551,
1231 1454 1284 1514 3,
1318 1455 1467 1500 caret.
1528 1452 1655 1501 Vide
1685 1455 1721 1501 t.
1746 1453 1798 1501 II

99 1543 146 1588 p.
174 1527 239 1574 51
277 1530 326 1574 et
357 1541 507 1588 supra
537 1543 583 1588 p.
613 1529 733 1575 204.
781 1527 988 1574 Initium
1020 1527 1222 1575 contuli.

210 1600 442 1648 Aliarum
473 1601 759 1663 eclogarum
790 1603 926 1648 sunt:

214 1676 297 1723 32.
330 1675 673 1723 Marcianus
705 1691 776 1738 gr.
803 1676 908 1723 439
946 1668 1039 1741 (=
1065 1668 1141 1740 M)
1174 1690 1298 1722 saec.
1323 1669 1568 1739 XIIsXIH
1598 1675 1684 1722 fol.
1712 1676 1796 1723 66.

103 1747 360 1797 Coi-rectus
393 1751 468 1797 est
505 1748 733 1797 manibus
771 1748 966 1796 librarii
998 1742 1116 1814 (m),
1147 1748 1469 1797 rubricatoris
1502 1742 1692 1815 (rubr),
1723 1766 1797 1796 re-

9 1816 11 1818 ’
100 1824 316 1871 centiore
349 1816 442 1888 (y).
489 1822 615 1869 Vide
648 1826 682 1870 t.
708 1823 753 1868 V
786 1841 832 1885 p.
862 1823 982 1871 168.
1031 1822 1245 1870 Contuli.

214 1898 297 1945 33.
345 1897 677 1945 Vaticanus
732 1914 803 1961 gr.
846 1897 912 1944 82
964 1891 1059 1962 (=
1093 1892 1194 1962 Va)
1243 1912 1367 1947 saec.
1407 1896 1526 1945 XIV
1583 1897 1668 1946 fol.
1711 1898 1795 1947 35.

102 1968 359 2019 Correctus
393 1973 468 2019 est
498 1987 651 2018 manu
682 1971 908 2019 secunda.
948 1971 1075 2018 Vide
1107 1974 1143 2019 t.
1168 1971 1193 2018 Ι
1223 1988 1271 2033 p.
1297 1972 1366 2019 48
1386 1987 1458 2033 sq.
1507 1970 1719 2020 Contuli.

214 2046 296 2093 34.
329 2044 662 2093 Vaticanus
701 2062 773 2108 gr.
809 2047 912 2093 937
955 2060 1080 2093 saec.
1112 2045 1204 2092 XV
1243 2046 1328 2093 fol.
1363 2046 1480 2093 115.
1546 2045 1671 2093 Vide
1702 2047 1738 2094 t.
1769 2045 1796 2093 Ι

99 2135 146 2180 p.
174 2119 278 2166 329
298 2134 368 2180 sq.

215 2193 298 2241 35.
330 2192 663 2240 Vaticanus
703 2209 774 2257 gr.
801 2193 904 2241 481
942 2207 1066 2243 saec.
1090 2193 1184 2241 XV
1214 2193 1299 2243 fol.
1326 2194 1434 2241 84V.
1489 2193 1603 2241 Non
1634 2193 1795 2241 solum

99 2266 464 2330 neglegentiae,
520 2266 604 2314 sed
650 2268 801 2314 etiam
846 2267 1145 2315 temeritatis
1191 2267 1406 2330 vestigia
1458 2267 1684 2328 praebet,
1738 2269 1796 2314 ut
1834 2278 1840 2283 ·

99 2356 147 2401 p.
175 2341 296 2402 550,
318 2341 346 2388 6
382 2339 507 2388 ἔνθα
545 2356 633 2401 pro
674 2339 742 2398 εἰς
780 2339 866 2389 τὸν
903 2339 1056 2389 τόπον
1090 2339 1144 2389 ἐν
1178 2330 1240 2409 ᾧ;
1272 2358 1320 2403 p.
1349 2343 1469 2402 550,
1490 2342 1522 2388 4
1554 2332 1678 2404 ἦλθε
1709 2338 1795 2388 τὸν

100 2410 258 2478 ἄνδρα
288 2430 379 2476 pro
413 2412 642 2462 ἔπλευσεν
673 2411 753 2463 ἐπὶ
784 2418 873 2481 τῷς
910 2431 956 2476 p.
986 2415 1108 2475 550,
1127 2417 1156 2463 6
1193 2412 1219 2464 ὁ
1251 2412 1302 2463 δὲ
1335 2431 1424 2477 pro
1457 2411 1578 2462 ἰδὼν
1609 2411 1794 2473 ἐκεῖνος

99 2485 152 2535 τὸ
184 2494 322 2550 σῶμα
353 2485 450 2535 καὶ.
493 2487 618 2535 Vide
651 2491 686 2535 t.
711 2487 736 2535 I
766 2505 812 2549 p.
840 2489 945 2536 369
965 2504 1036 2549 sq.
1083 2488 1290 2536 Initium
1322 2489 1524 2537 contuli.

101 2589 115 2595 -
211 2562 252 2608 E
286 2561 557 2610 Barberino
590 2563 698 2623 ipso
731 2562 812 2609 vel
843 2562 947 2610 eius
980 2563 1117 2610 fonte
1144 2562 1419 2624 descriptus
1452 2564 1526 2610 est

207 2637 289 2683 36.
308 2635 744 2683 Escurialensis
761 2630 918 2683 Τ-ΙΙ-
934 2636 1000 2684 15
1020 2630 1149 2702 (151
1171 2638 1225 2683 in
1241 2636 1468 2699 catalogo
1485 2628 1791 2700 Milleriano)

102 2723 224 2756 saec.
249 2708 368 2755 XVI
398 2709 481 2756 fol.
511 2710 593 2756 22.
642 2708 769 2756 Vide
800 2710 835 2756 t.
863 2709 906 2754 V
938 2726 982 2771 p.
1013 2711 1041 2757 7
1062 2726 1132 2771 sq.
1167 2712 1216 2758 et
1247 2725 1398 2771 supra
1429 2726 1475 2771 p.
1505 2709 1623 2757 182.

211 2781 395 2829 Parum
427 2782 607 2830 codicis
639 2783 837 2830 nomine
870 2783 1047 2846 dignus
1083 2786 1157 2831 est

214 2857 298 2904 37.
331 2857 752 2918 Therapnaeus
793 2858 1083 2905 monasterii
1114 2857 1201 2904 XL
1241 2859 1522 2905 sanctorum
1556 2855 1624 2903 52
1666 2870 1788 2913 saec.

100 2928 270 2976 XVIII
301 2929 384 2977 fol.
414 2931 533 2976 224.
588 2929 715 2977 Vide
745 2931 780 2977 t.
805 2930 852 2976 V
882 2947 929 2991 p.
958 2932 1077 2979 165.

1347 3012 1433 3054 35*
