2014 3158
359 119 479 164 PRO
513 119 785 165 MULIERE
817 116 1238 164 TYRANNICIDA
1268 118 1507 164 ΡΕΤΙΤΙΟ
1671 119 1780 174 469

90 257 306 326 δωρεὰν
343 264 438 325 τῆς
478 256 580 309 οὐκ
619 255 944 325 ἐπισχούσης
983 254 1116 325 ὅπερ
1149 251 1276 308 οὔθ’
1315 254 1472 324 ὑμεῖς
1502 254 1782 327 ᾐτήσασθε

89 345 159 398 ἂν
199 344 325 398 οὔθ’
372 345 405 414 ἡ
446 346 616 413 φύσις
651 345 912 414 πράττειν
951 343 1141 397 ἐδίδου
1183 345 1275 397 διά
1313 364 1371 397 τε
1409 346 1511 413 τὴν
1549 353 1649 399 τοῦ
1684 348 1782 414 θή-

90 438 212 497 λεος
251 433 514 501 ἀτολμίαν
545 433 636 487 καὶ
666 435 767 502 τὴν
800 433 858 486 ἐκ
889 442 984 503 τῆς
1015 435 1275 501 συζυγίας
1305 434 1444 503 πρὸς
1474 436 1572 486 τὸν
1604 435 1782 503 ἄνδρα

90 524 228 576 αἰδῶ
275 524 364 576 καὶ
411 525 541 586 τοὺς
587 523 890 592 γαμηλίους
936 525 1182 590 θεσμοὺς
1227 521 1319 575 καὶ
1365 523 1466 591 τὴν
1516 521 1781 576 ἐντεῦθεν

89 615 350 681 στοργήν;
1828 633 1847 666 5

200 701 284 754 66.
309 698 427 753 ”Eu
473 702 666 754 τοίνυν
720 702 767 754 εἰ
822 698 923 769 μὲν
978 703 1056 763 εἰς
1111 702 1282 770 εὐνὴν
1335 701 1538 770 ἀνδρὸς
1593 699 1781 755 ἐλθεῖν

88 790 285 858 ἤμελλε
323 790 507 857 πάλιν,
551 789 653 842 οὐκ
693 787 764 843 ἂν
803 790 947 843 οὕτω
986 798 1082 859 τῆς
1120 789 1389 859 προτέρας
1434 797 1602 878 γονῆς
1650 787 1780 852 ἐξεί·

88 897 228 948 χετο,
268 877 380 931 ἀλλ’
431 875 577 947 εἶχεν
615 877 686 931 ἂν
726 878 949 941 ἐλπίδας
989 876 1043 942 ἐξ
1085 877 1274 949 ἑτέρου
1313 876 1518 948 πατρὸς
1557 880 1647 932 καὶ
1686 880 1779 932 πά-

88 970 178 1019 λιν
215 969 388 1036 μήτηρ
431 967 686 1020 ἆκοῢσαι·
739 967 854 1021 ἐπεὶ
902 969 963 1021 δὲ
1010 976 1173 1021 τοῦτο
1213 968 1314 1037 μὲν
1354 966 1476 1021 οὐδ’
1525 970 1602 1031 εἰς
1641 976 1780 1021 νοῦν

85 1052 246 1123 ἔλαβε
284 1056 385 1124 τὴν
423 1055 622 1125 ἀρχήν,
674 1054 807 1110 οὐδὲ
853 1059 957 1125 γὰρ
1005 1058 1105 1126 τὴν
1153 1058 1446 1111 συνοικίαν
1483 1056 1777 1126 αἰτιωμένη
1806 1079 1848 1110 ιο

85 1145 151 1197 τὰ
188 1146 397 1212 μεγάλα
435 1145 617 1199 ἐκεῖνα
648 1144 865 1215 ἐτόλμα,
905 1145 1021 1199 ἀλλ’
1063 1147 1135 1209 ὡς
1167 1148 1344 1215 ἄνδρα
1374 1143 1476 1215 μὲν
1506 1144 1780 1215 ἔστεργεν,

85 1231 259 1300 ἐμίσει
300 1231 347 1287 δ’
394 1235 466 1298 ὡς
504 1235 809 1304 τύραννον,
848 1234 939 1289 καὶ
981 1233 1052 1289 δι’
1088 1236 1263 1305 ἡμᾶς,
1310 1236 1431 1290 ἀλλ’
1476 1237 1579 1289 οὐκ
1618 1237 1779 1289 οἰκεί-

86 1342 183 1384 ους
218 1320 224 1393 Ι
259 1320 462 1400 ἕρωτας
500 1325 599 1377 τὸν
637 1334 858 1394 πρῶτον
897 1326 1075 1396 ἄνδρα
1113 1324 1459 1394 κατέκοπτεν,
1510 1326 1603 1379 ἵνα
1648 1328 1868 1373 RIV815

83 1411 174 1464 καὶ
214 1411 479 1482 δευτέραν
516 1412 796 1478 ὑπανάψει
837 1415 980 1485 δᾷδα
1019 1416 1314 1484 γαμήλιον,
1363 1422 1472 1467 ποῦ
1512 1422 1676 1467 τοῦτο
1715 1422 1778 1484 τῇ

83 1501 238 1554 πόλει
276 1501 488 1569 πρέπον
527 1501 560 1570 ἢ
599 1504 750 1565 τίνος
791 1502 1054 1573 ἐχόμενον
1101 1504 1256 1572 δίκης
1302 1506 1426 1556 τότε
1464 1503 1567 1571 μὲν
1604 1506 1777 1572 χήραν
1805 1522 1846 1556 15

85 1587 156 1642 δι’
194 1588 334 1657 ἡμᾶς
372 1590 679 1660 γενομένην
716 1599 793 1664 τῷ
831 1593 932 1645 τὸν
969 1594 1035 1646 τὰ
1075 1593 1253 1646 πάντα
1293 1593 1608 1662 δυνάμενον
1648 1593 1777 1645 σύν-

85 1697 243 1732 οικον
287 1678 347 1732 ἐκ
394 1679 566 1748 μέσου
617 1680 850 1749 θέσθαι,
896 1689 1004 1734 νῦν
1052 1679 1099 1733 δ’
1154 1678 1322 1744 αὖθις
1369 1680 1439 1734 δι’
1487 1681 1643 1749 ἡμῶν
1689 1681 1777 1734 αὐ-

2 1806 6 1809 -
84 1776 196 1820 τῶν
233 1767 322 1821 καὶ
365 1777 459 1837 τῆς
497 1778 610 1823 τῶν
649 1771 866 1823 παίδων
904 1778 1073 1839 γονῆς
1112 1770 1564 1839 ἀποστερεῖσθαι;

196 1857 280 1909 67.
329 1859 506 1911 Ἀλλὰ
562 1859 662 1912 δεῖ
721 1859 975 1921 πάντως
1036 1858 1141 1912 καὶ
1202 1862 1392 1927 μείζω
1456 1861 1778 1928 τιμωρίαν

83 1946 198 1998 τὸν
235 1946 565 2016 τύραννον
603 1947 885 2017 ὑπέχειν.
926 1949 1135 2001 οὐκοῦν
1174 1947 1366 2001 ἐκείνω
1404 1968 1507 2017 μεν
1545 1955 1645 2000 τοῦ
1683 1968 1773 2001 κα-
1802 1967 1845 1999 20

83 2043 190 2096 κῶς
230 2034 447 2088 ἐθέλειν
487 2037 678 2105 ἄρχειν
717 2039 778 2091 τὸ
819 2037 1087 2090 τεθνανοιι
1133 2038 1329 2091 κακιον
1373 2037 1653 2107 ὑπερβολὴ
1701 2058 1776 2090 τι-

135 2126 297 2195 44
290 2151 346 2195 cf.
381 2167 425 2208 p
453 2156 556 2207 333,
575 2157 599 2194 2
726 2157 779 2196 19
806 2168 872 2209 sq.
907 2153 1040 2199 chor.
1073 2169 1118 2210 p
1148 2158 1376 2209 72,12sq

205 2246 223 2282 1
259 2242 486 2297 punctum
516 2243 625 2298 post
655 2242 931 2300 ἐπισχούσης
960 2242 1074 2287 libri
1104 2243 1171 2287 Re
1233 2242 1384 2287 delevi
1416 2256 1520 2286 eum
1553 2241 1733 2286 Sinteni
1770 2242 1773 2298 ξ

81 2340 341 2402 ᾐτιάσασθε
374 2346 463 2390 Vat
605 2350 630 2388 2
663 2318 746 2389 διιτέ
771 2346 824 2391 Ol
968 2351 989 2389 7
1026 2346 1176 2402 ἔμελλε
1203 2348 1292 2390 Ma
1366 2345 1555 2402 ἤμελλεν
1586 2345 1637 2390 Ol

3 2442 8 2452 ,
83 2406 109 2446 8
142 2401 343 2459 ἀνδρὸς-’ἓ
369 2405 425 2449 of.
453 2403 592 2461 Soph.
617 2405 723 2448 Ant.
752 2409 837 2448 910
959 2410 985 2448 9
1018 2405 1163 2462 μήτηρ
1188 2405 1354 2462 scripsi
1378 2420 1403 2449 e
1428 2407 1517 2449 Μα
1542 2418 1647 2448 cum
1672 2402 1775 2446 Sin-

0 2476 2 2478 ’
80 2462 180 2505 teni
255 2462 428 2520 μητέρα
463 2464 701 2509 C'lVatMo
741 2464 807 2507 Re
953 2469 1008 2508 10
1049 2465 1181 2523 ἔβαλε
1216 2466 1304 2510 Vat
1352 2468 1389 2520 Ι
1407 2464 1462 2520 τὴ
1466 2481 1494 2508 ν
1532 2460 1775 2507 συνοικίαν

0 2567 10 2582 „
82 2521 246 2578 scripsi
270 2536 295 2566 e
314 2523 559 2568 MaOlVat
617 2523 700 2567 τὸν
733 2522 951 2568 σύνοικον
978 2525 1063 2569 Mo
1094 2524 1161 2568 Re
1299 2528 1351 2568 11
1387 2523 1565 2579 ἔστεργε
1591 2524 1676 2567 Mo
1707 2521 1775 2564 Re

202 2586 256 2624 12
289 2580 434 2638 ἐμίσει
465 2580 511 2626 δ’
548 2583 608 2633 ὡς
647 2582 880 2637 τύραννον
917 2582 1093 2627 inserui
1125 2598 1148 2627 e
1174 2583 1419 2628 Maonat
1489 2596 1565 2626 om
1591 2583 1676 2626 Mo
1707 2580 1774 2624 Re

0 2642 4 2645 ’
86 2639 91 2697 Ι
128 2641 183 2684 οὐ
214 2639 425 2698 μοιχίονς
454 2641 617 2686 Iacobs
651 2641 792 2685 Schul
922 2646 977 2686 14
1010 2642 1254 2699 ὑπανάψει
1285 2641 1447 2698 scripsi
1481 2640 1572 2684 coll
1601 2654 1646 2696 p.
1673 2643 1772 2690 432,

82 2702 136 2742 27
200 2699 430 2767 ’ὑπανάψῃ
458 2701 597 2746 OlMo
627 2701 695 2745 Re
756 2699 1003 2767 ὑπανάψοι
1030 2702 1119 2747 Vat
1179 2700 1401 2769 ἐπαναψῃ
1428 2702 1517 2744 Μα
1550 2702 1557 2756 Ι
1592 2711 1775 2743 comma.

5 2771 11 2775 ·
81 2757 217 2814 posui
249 2772 274 2802 e
305 2746 452 2806 Μαῧῖ
482 2774 587 2804 eum
628 2759 807 2804 Sinteni
869 2759 1003 2804 colon
1027 2760 1117 2805 Vat
1177 2760 1363 2817 signum
1393 2757 1773 2815 interrogationis

0 2832 11 2882 ι·
83 2818 168 2862 Mo
199 2817 267 2862 Re
389 2823 443 2862 16
475 2819 533 2863 τὰ
564 2819 739 2862 inserui
764 2832 789 2863 e
816 2819 968 2864 GlVat
1027 2834 1102 2864 om
1128 2820 1217 2863 Ma
1249 2819 1326 2862 sed
1362 2831 1437 2862 ras
1470 2830 1612 2874 supra.
1641 2832 1676 2860 π
1705 2830 1772 2860 se-

82 2889 242 2931 quens,
268 2878 353 2922 Mo
383 2878 450 2921 Re
574 2883 626 2922 17
667 2883 862 2933 ποιῆσαι
893 2878 982 2923 Vat
1103 2883 1160 2922 20
1197 2880 1422 2934 punctum
1460 2876 1598 2934 posui
1628 2890 1654 2919 e
1689 2876 1774 2919 Vat

141 2948 322 2980 comma
346 2937 492 2982 MaGl
531 2937 738 2995 signum
769 2937 1149 2995 interrogationis
1175 2938 1259 2981 Mo
1290 2937 1357 2980 Re
