2020 3146
224 98 329 150 130
611 95 879 157 [LIBANII]
914 95 1307 141 DECLAMATIO
1339 95 1532 141 XXXIV

219 234 433 303 εὔχεται
488 229 620 286 οὐδὲ
673 233 845 300 ψιλὴν
897 232 1093 301 ὑγείαν
1138 231 1326 302 ᾔτησε,
1380 233 1654 287 ταλάντου
1709 233 1775 287 δέ
1820 255 1914 303 μοι

218 323 424 390 ταύτην
456 321 720 389 ὠνήσατο.
752 329 923 374 ταῦτα
956 323 1058 391 γὰρ
1093 322 1222 374 νυνὶ
1249 322 1518 388 μανθάνω
1552 322 1634 375 ὅτι
1665 327 1914 376 πωλοῦσι

217 411 319 479 τὴν
356 410 551 479 ὑγείαν
591 411 650 463 οἱ
682 408 809 463 θεοὶ
847 411 937 463 καὶ
978 411 1071 464 διὰ
1107 411 1308 479 ταύτης
1339 410 1368 463 ὁ
1398 409 1716 480 Ἀσκληπιὸς
1746 415 1915 465 πλου-

218 509 335 553 τεῖν
389 498 696 553 ἐσπούδακε
742 502 1067 570 καινότερον
1113 500 1374 569 εὐπορίας
1428 501 1636 569 τρόπον
1680 502 1782 569 τὴν
1833 502 1914 554 ἰα-

173 613 194 646 5
219 591 408 657 τρείαν
447 589 755 659 εὑρόμενος,

329 677 416 730 26.
443 675 534 740 Ὡς
566 674 613 731 δ’
647 674 750 731 οὐν
781 679 959 730 πάντα
989 676 1122 731 καθ’
1158 679 1314 747 ἡμῶν
1346 677 1641 746 εὐξάμενος
1671 676 1913 749 ἐπανῄει,

218 765 323 835 ἐγὼ
367 765 417 819 δ’
453 768 558 835 ἤδη
598 774 692 835 τῆς
723 767 929 835 ὑγειάς,
967 772 1180 834 μᾶλλον
1213 765 1273 820 δὲ
1304 776 1400 837 τῆς
1429 769 1620 829 πενίας
1651 767 1914 836 ἠρχόμην,

219 855 534 909 ἐλάνθανον
582 857 686 926 γὰρ
735 854 852 908 κατ’
898 855 1138 925 εμαυτοῦ
1192 857 1368 929 τούτῳ
1416 858 1525 925 τὴν
1579 855 1746 925 εὐχὴν
1801 854 1914 909 ἑπι-

217 943 448 1049 τρέπων,
489 944 562 1007 ὡς
602 943 649 997 δ’
697 940 801 997 οὖν
841 945 1067 1011 άμεινον
1107 944 1340 998 ἐδόκουν
1378 942 1541 1014 ἔχειν,
1581 945 1917 1015 προσελθὼν

152 1057 194 1090 ιο
219 1029 381 1096 οὗτος
419 1031 548 1103 ἔφη·
588 1035 652 1086 τί
686 1035 767 1103 μὴ
806 1036 960 1096 τοὺς
1001 1034 1215 1103 ἱερέας
1259 1034 1831 1103 εὐγνωμονοῦμεν,
1869 1030 1912 1087 ὦ

217 1124 438 1194 πάτερ;
494 1126 560 1176 τί
601 1124 681 1192 μὴ
721 1124 788 1176 τὸ
828 1124 1152 1177 τάλαντον
1201 1125 1265 1177 οἱ
1298 1131 1631 1194 προφῆται
1671 1121 1913 1190 λαμβά-

216 1226 474 1276 νουσιν;
522 1212 674 1284 ὁρᾷς
713 1213 794 1275 ὡς
834 1214 949 1281 τὴν
995 1213 1227 1282 ὑγείαν
1274 1213 1652 1281 ἀπείληφας.
1715 1213 1913 1281 γενώ-

217 1306 384 1370 μεθα
453 1300 558 1354 καὶ
627 1302 811 1371 ἡμεῖς
878 1300 1026 1371 περὶ
1088 1305 1202 1356 τὸν
1261 1303 1423 1355 θεὸν
1485 1301 1914 1370 εὐγνώμονες.

220 1389 385 1442 οὕτω
425 1391 543 1459 γὰρ
587 1391 977 1461 συνεθέμην.
1033 1391 1119 1444 27.
1151 1399 1351 1461 μικροῦ
1384 1391 1486 1459 μὲν
1518 1387 1621 1443 οὖν
1652 1389 1776 1459 παρ’
1818 1391 1914 1443 αὐ-

152 1502 194 1535 15
218 1481 347 1540 τοὺς
393 1481 523 1542 τοὺς
569 1482 770 1548 λόγους
817 1479 1134 1550 ὃιαρραγεὶς
1181 1479 1400 1552 ᾠχόμην
1447 1479 1534 1532 καὶ
1582 1480 1684 1548 τὴν
1728 1480 1915 1548 ψυχὴν

219 1566 470 1635 ἐπαφῆκα
515 1578 631 1630 τοῖς
677 1569 878 1622 τούτου
926 1570 1128 1638 ῥήμασι
1174 1567 1266 1621 καὶ
1314 1568 1433 1621 εἴθε
1484 1588 1570 1636 γε,
1625 1565 1666 1621 ὦ
1715 1569 1915 1631 πάντες

217 1659 359 1723 θεοί,
399 1658 505 1726 πρὸ
545 1665 640 1725 τῆς
679 1666 778 1711 τοῦ
810 1659 1082 1711 ταλάντου
1115 1660 1419 1726 καταβολῆς
1455 1656 1689 1726 ἐκείμην.
1729 1660 1913 1725 μεῖζον

217 1746 319 1813 γὰρ
370 1744 439 1798 ἂν
487 1746 735 1815 εὐτυχῶν
781 1747 1131 1816 ἀπωλλύμην.
1184 1746 1447 1815 ἐκέρδησά
1496 1765 1557 1814 γε
1603 1745 1674 1799 ἂν
1719 1755 1783 1815 τῇ
1831 1765 1914 1798 τε-

219 1837 380 1904 λευτῇ
420 1835 520 1903 τὴν
560 1833 666 1888 άπὸ
706 1844 802 1904 τῆς
841 1836 1003 1904 εὐχῆς
1040 1838 1245 1904 ζημιᾝαν
1286 1835 1431 1902 ὅμως
1464 1833 1512 1887 δ’
1551 1830 1654 1888 οὖν
1693 1834 1914 1903 ἀνενεγ-

153 1946 195 1978 20
218 1923 333 1974 κὼν
370 1923 461 1975 καὶ
500 1925 659 1990 μόλις
698 1924 759 1977 ἐν
799 1923 1014 1997 ἐμαυτῷ
1047 1926 1344 1993 γενόμενος
1382 1926 1444 1977 τί
1482 1925 1627 1992 ἄρα,
1672 1926 1912 1993 ε’ωφην,
1870 1920 1912 1976 ὦ

338 2074 362 2111 2
397 2068 454 2112 cf.
489 2069 549 2112 ad
580 2071 614 2113 t.
639 2069 703 2113 VI
728 2074 829 2124 246,
849 2075 904 2113 20

248 2249 251 2252 ,
341 2209 362 2246 1
396 2200 579 2259 ὑγίειαν
597 2204 673 2247 La
699 2203 706 2262 1
734 2202 820 2260 γὰρ
840 2204 916 2247 La
1039 2208 1062 2245 2
1097 2210 1183 2247 νῦν
1201 2205 1246 2247 Β
1369 2208 1393 2246 3
1428 2201 1611 2259 ὑγίειαν
1629 2204 1704 2247 La
1732 2205 1739 2259 Ι
1767 2202 1811 2247 οἱ
1837 2217 1913 2246 0111

228 2263 297 2306 Va
425 2267 453 2305 4
485 2262 660 2317 τρόπον
693 2277 768 2306 0111
792 2263 898 2307 HV
933 2264 939 2318 Ι
982 2261 1194 2317 ἰατρικὴν
1220 2264 1295 2306 La
1418 2263 1526 2306 Ἷδὲ
1561 2262 1725 2318 scripsi
1758 2276 1782 2305 e
1817 2263 1919 2306 VM

229 2322 423 2365 VaLaB
456 2323 504 2364 et
533 2339 588 2378 γρ
620 2322 670 2364 in
700 2336 835 2378 marg
858 2321 961 2365 Mor
1021 2321 1073 2366 δὲ
1105 2320 1193 2377 ἤδη
1220 2323 1279 2366 Η
1333 2319 1378 2364 δ’
1409 2320 1499 2377 ἤδη
1533 2321 1622 2364 edd
1748 2325 1803 2364 10
1836 2317 1912 2364 οὑ-

219 2396 298 2431 τος
329 2380 418 2437 ἔφη
451 2381 501 2424 in
532 2394 667 2437 marg
701 2380 793 2425 Va²
831 2383 836 2437 Ι
881 2380 970 2436 ἔφη
1001 2394 1095 2424 11011
1127 2383 1233 2436 post
1265 2377 1411 2436 οὗτος,
1445 2380 1526 2423 sed
1558 2382 1665 2435 post
1695 2379 1841 2434 πάτερ
1867 2382 1913 2424 Β

341 2445 394 2483 12
428 2440 489 2489 ὡς
512 2454 587 2483 0111
608 2442 653 2483 Β
681 2442 688 2496 1
716 2438 897 2497 ὑγίειαν
915 2441 992 2483 La
1115 2444 1167 2482 15
1201 2439 1536 2497 διαταραχθεὶς
1553 2441 1597 2482 Β
1722 2444 1775 2483 16
1807 2439 1913 2483 τού-

218 2499 322 2556 του]
354 2499 583 2548 τοιούτοις
606 2500 651 2542 Β
776 2504 828 2543 17
863 2495 995 2543 εἷπον
1028 2500 1135 2542 1111118
1161 2499 1268 2543 θεοὶ
1295 2500 1339 2541 Β
1463 2502 1516 2541 18
1553 2513 1689 2554 „num
1714 2497 1773 2542 ἂν
1799 2498 1912 2542 ἄνευ

220 2558 367 2614 εὐχῶν
399 2558 678 2613 ἀπωλλύμην
711 2573 774 2602 an
807 2575 866 2601 αν
899 2558 1036 2614 εὐχῆς
1063 2558 1310 2630 ἀποτυχὼν
1335 2555 1442 2601 vel
1426 2574 1484 2601 αν
1510 2558 1656 2614 εὐχῶν
1682 2559 1735 2602 οὐ
1760 2557 1913 2615 τυχὼν

221 2616 525 2673 ἀπωλλύμην“
560 2616 627 2659 Re
705 2616 898 2672 ἄμεινον
938 2617 1025 2689 γὰρ
1067 2634 1126 2661 αν
1166 2616 1280 2661 ἄνευ
1317 2624 1408 2659 τῶν
1448 2616 1595 2673 εὐχῶν
1636 2617 1913 2672 ἀπωλλύμην

219 2675 383 2718 Iacobs
411 2676 521 2719 Lech
643 2680 696 2718 19
731 2674 992 2731 ἀνενεγκὼν
1018 2674 1182 2731 scripsi
1208 2689 1264 2718 ex
1288 2676 1340 2718 Η
1349 2675 1541 2718 VVaLa
1564 2676 1618 2718 ut
1642 2691 1664 2719 e
1689 2676 1780 2719 Par
1797 2679 1911 2718 3017

221 2734 520 2778 scribendum
559 2734 662 2778 coni
703 2735 1034 2778 Boissonadius
1076 2734 1256 2791 Eunap.
1285 2733 1328 2777 H
1353 2738 1436 2777 342
1516 2734 1768 2791 ἐνενεγκὼν
1793 2735 1838 2778 Β

221 2793 421 2849 ἐνεγκὼν
447 2795 509 2838 Μ
537 2793 619 2836 sed
650 2794 710 2837 ἀν
742 2795 851 2837 ante
883 2795 905 2837 ἐ
928 2793 1053 2837 inser
1077 2796 1123 2836 et
1155 2792 1409 2849 ὑπομείνας
1441 2807 1655 2848 suprascr
1679 2796 1726 2837 et
1750 2810 1803 2848 γρ
1829 2794 1912 2835 ἀν-

221 2853 421 2908 ενεγκὼν
460 2852 604 2896 αὐτὸν
645 2851 988 2907 ἐπανακληθεὶς
1025 2852 1075 2895 in
1106 2866 1240 2909 marg
1269 2867 1321 2910 y,
1355 2852 1445 2895 edd
1589 2857 1644 2895 20
1685 2850 1761 2897 ἐπ’
1799 2853 1867 2896 Va
1901 2850 1907 2909 1

223 2910 370 2969 ἑαυτῷ
389 2912 494 2955 HV
513 2913 560 2954 et
577 2925 601 2954 e
619 2911 708 2954 Par
725 2916 838 2955 3017
858 2910 1142 2954 Boissonade
1165 2910 1195 2954 1.
1213 2913 1242 2954 1.
1307 2911 1507 2967 ἐμαυτοῦ
1527 2909 1671 2955 Cobet
1688 2911 1805 2954 Misc
1824 2914 1908 2953 146
