2014 3158
251 102 356 155 638
659 102 888 146 LIBANII
917 101 1310 146 DECLAMATIO
1343 102 1529 147 XLVIII

249 237 499 306 ἀσελγῶν
560 236 773 307 μέτριοι
835 236 926 291 καὶ
991 237 1076 307 ἐφ’
1143 231 1225 301 οἷς
1284 240 1556 309 πρότερον
1619 237 1944 306 ἐκακίζοντο,

247 334 418 379 ταῦτα
458 326 826 396 ἀποβαλόντες
866 329 942 391 εἰς
981 307 1533 396 ἀγαθοὺςῧέτέλεσαν
1582 326 1673 381 καὶ
1712 335 1808 396 τῆς
1846 329 1941 380 πό-

248 420 383 478 λεως
423 415 710 485 εὐεργέτας
747 417 1039 485 μεγίστους
1079 409 1162 478 οἷς
1201 413 1340 486 ὑπὲρ
1381 416 1548 486 αὐτῆς
1584 415 1942 481 ἐπεδείξαντο.

246 506 307 558 τὸ
341 506 444 574 γὰρ
477 513 572 574 τῆς
604 504 898 576 ἀριστείας,
937 505 1041 558 κᾶν
1072 514 1401 576 παραχρῆμα
1433 509 1651 574 φαῦλον
1682 511 1943 576 νομισθῇ,

203 615 222 648 5
246 595 447 665 μικρὸν
484 594 720 662 ὕστερον
759 594 967 648 ὁπόσον
1007 593 1158 648 ἐστὶν
1191 594 1462 663 ἐγνώσθη.
1505 595 1589 648 72.
1621 596 1944 664 παραμυθή-

248 696 398 735 σεται
436 683 538 751 τὴν
579 683 783 736 σπάνιν
822 682 850 736 ὁ
891 685 1108 751 κρότος,
1155 684 1256 752 τὴν
1296 684 1516 736 ἔνδειαν
1555 684 1587 751 ἡ
1626 686 1808 752 μνήμη
1848 690 1944 752 τῆς

245 772 441 842 μάχης,
488 773 590 840 τὴν
636 772 946 842 ἀπορίαν·ἡ
986 772 1132 836 δόξα.
1181 772 1282 842 οὐχ
1331 772 1521 841 ἕξομεν
1561 774 1766 840 οἰκίαν,
1814 771 1944 826 ἀλλ’

247 860 409 929 ε’γγὺς
447 869 547 914 τοῦ
579 864 847 930 τροπαίου
882 862 1251 930 σκηνώσομεν.
1290 859 1454 914 τοῦθ’
1492 860 1643 916 ἑστία
1675 881 1784 931 μοι,
1817 868 1943 914 τοῦ-

244 969 305 1003 το
344 953 649 1020 καταφυγή,
689 958 853 1004 τοῦτο
892 951 1232 1021 παράκλησις
1269 951 1407 1018 πρὸς
1438 951 1498 1004 τὸ
1532 949 1750 1017 μέλλον.
1791 949 1943 1021 στέρ-

181 1062 222 1094 10
247 1038 402 1103 ξουσι
457 1037 560 1109 μὲν
608 1042 665 1093 οἱ
721 1039 974 1109 πολέμιοι
1029 1042 1130 1108 τὴν
1185 1041 1444 1109 ἡσυχίαν,
1501 1037 1627 1093 οἶδα
1680 1038 1786 1108 ἐγὼ
1842 1040 1943 1108 τὴν

246 1127 473 1182 ἐκείνων
517 1131 758 1198 πληγήν,
807 1131 855 1182 εἰ
901 1128 950 1182 δ’
998 1125 1126 1197 οὗν,
1180 1122 1270 1182 οἷα
1324 1130 1390 1182 τὰ
1441 1128 1793 1199 ἀνθρώπινα,
1841 1129 1942 1198 τὴν

245 1218 480 1288 ἀρχαίαν
520 1217 853 1286 ἀναλάβοιεν
895 1219 1072 1288 ἰσχύν,
1111 1220 1352 1281 πολλοὺς
1393 1218 1650 1286 εὑρήσετε
1687 1220 1818 1280 τοὺς
1851 1215 1939 1287 ἐμὲ

244 1307 664 1376 μιμησομένους.
714 1308 795 1360 73.
838 1300 921 1370 οἷς
962 1307 1217 1360 ἐναντίον
1256 1308 1415 1376 ὑμῶν
1455 1305 1792 1376 διαλέξομαι·
1835 1308 1943 1360 ἄν-

246 1398 393 1467 δρες
432 1391 530 1460 οἷς
577 1398 856 1466 εὐψυχία
904 1395 1021 1467 μὲν
1068 1399 1157 1460 εἰς
1205 1399 1358 1458 τοὺς
1404 1397 1790 1464 κινδύνους,
1840 1397 1941 1449 εὔ-

178 1506 392 1540 ιῡνοια
454 1483 523 1539 δὲ
583 1488 744 1556 πρὸς
804 1487 920 1555 τὴν
982 1488 1262 1554 οἰκείαν,
1323 1484 1427 1538 καὶ
1484 1486 1773 1555 σώματος
1827 1486 1942 1553 μὲν

245 1575 585 1644 ὀλιγωρία,
648 1577 1032 1645 φιλοτιμίας
1096 1573 1163 1628 δὲ
1225 1574 1410 1642 ἔρως,
1472 1574 1701 1644 μηδεὶς
1761 1575 1941 1644 ὑμῶν

244 1667 607 1734 καταγνοὺς
657 1665 1047 1734 ἀχαριστίαν
1095 1673 1211 1718 τοῦ
1262 1666 1469 1734 δήμου
1526 1666 1699 1717 ἄκων
1745 1669 1941 1734 μαλα-

243 1754 519 1820 κιζέσθω
580 1752 740 1823 μηδὲ
802 1757 894 1816 εἰς
956 1756 1072 1823 τὴν
1136 1753 1292 1822 ε’μὴν
1347 1754 1613 1824 ἀφορῶν
1667 1753 1941 1823 ἀτιμίαν

243 1847 651 1897 κατοκνείτω.
691 1851 890 1896 ταῦτα
931 1840 1019 1896 ἐπ’
1066 1842 1349 1912 ἐμαυτὸν
1387 1843 1632 1912 γράφω.
1688 1844 1780 1905 εἰς
1819 1843 1940 1895 δω-

177 1955 219 1986 20
244 1934 399 2000 ρεὰν
429 1932 712 2002 ἡγοῦμαι
745 1934 860 2002 τὴν
892 1932 1255 2002 συμφοράν.
1297 1931 1417 1999 ἐγὼ
1449 1933 1678 1994 πενίας
1710 1931 1938 1984 ἐπιθυ-

160 2026 378 2072 RIV707
426 2032 531 2091 μῶ.
587 2020 745 2091 ἐμὴν
799 2030 990 2075 τοῦτο
1027 2020 1033 2093 Ι
1068 2022 1340 2091 ἡγεῖσθε
1387 2022 1650 2089 μανίαν,
1704 2021 1782 2089 μὴ
1830 2027 1940 2088 τῆς

243 2113 489 2174 πόλεως
528 2109 1020 2180 ἀγνωμοσύνην.
1062 2112 1280 2180 φεύγω
1321 2111 1438 2179 τὴν
1469 2111 1686 2163 οἰκίαν
1727 2107 1821 2178 ἐφ’
1868 2104 1940 2177 ἧς

245 2199 362 2252 οὐκ
415 2196 612 2269 ἔσχον
675 2199 884 2264 δεῖξαι
939 2201 1051 2253 τὸν
1106 2199 1408 2267 ἀδελφόν.
1471 2198 1653 2268 ὑμεῖς
1708 2197 1775 2251 δὲ
1829 2199 1938 2250 ἄν·

246 2289 394 2358 δρες
431 2308 496 2341 τε
535 2292 850 2357 γίγνεσθε
889 2287 994 2342 καὶ
1034 2290 1112 2358 μὴ
1153 2288 1555 2358 ταράττεσθε
1607 2293 1690 2358 τῷ
1737 2304 1937 2356 παρα-

245 2378 561 2444 δείγματι.

358 2466 443 2518 74.
499 2465 694 2519 Πάντα
752 2465 955 2558 ἐπαινῶ
1011 2474 1106 2535 τῆς
1160 2462 1540 2534 ἀποκηρύξεως
1594 2465 1739 2532 πλὴν
1793 2462 1935 2526 ἑνός·

364 2631 388 2668 2
422 2623 764 2684 ἀποβαλλόντες
787 2627 831 2669 L
976 2631 1001 2669 3
1033 2627 1140 2682 post
1172 2622 1464 2677 ἐπεδείξαντο
1496 2637 1571 2667 ras
1606 2628 1630 2667 5
1663 2623 1760 2667 fere
1791 2623 1870 2667 litt
1893 2625 1939 2668 P

365 2689 392 2727 4
423 2685 554 2740 παρὰ
585 2691 737 2743 χρῆμα
763 2685 806 2727 L
938 2690 989 2727 13
1024 2683 1361 2741 μιμησομένους
1393 2683 1557 2739 scripsi
1590 2684 1778 2727 auctore
1807 2682 1876 2726 Re

245 2743 589 2800 μιμησαμένους
619 2744 728 2787 libri
761 2744 849 2787 edd
985 2748 1039 2786 14
1074 2744 1234 2788 ἔννοια
1257 2744 1391 2787 LPB
1425 2743 1536 2786 Ferr
1667 2746 1720 2785 15
1754 2740 1934 2786 οἰκείαν

246 2803 412 2859 scripsi
444 2805 633 2847 auctore
665 2803 731 2847 Re
763 2802 855 2846 coll
883 2804 915 2846 t.
943 2802 983 2845 V
1009 2807 1110 2858 380,
1129 2807 1205 2858 133
1238 2801 1300 2846 VI
1326 2805 1425 2855 320,
1444 2806 1491 2855 23
1526 2805 1623 2854 357,
1646 2805 1699 2844 16
1778 2798 1933 2845 οἰκίαν

244 2861 353 2905 libri
386 2862 477 2906 edd
622 2867 674 2906 18
708 2861 768 2919 μὴ
801 2858 851 2905 δὲ
879 2862 921 2905 L
954 2862 1064 2905 Fert
1198 2865 1253 2903 23
1287 2861 1337 2904 δὲ
1371 2860 1533 2916 scripsi
1564 2862 1618 2902 ut
1650 2860 1753 2903 coni
1786 2860 1853 2902 Re
1887 2861 1933 2902 et

244 2920 406 2965 Iacobs
438 2921 550 2964 Lect
610 2922 657 2965 τὲ
683 2922 773 2964 LP
828 2935 875 2963 τε
904 2921 1058 2965 MosB
1091 2920 1181 2963 edd
