2014 3158
358 124 478 171 PRO
510 124 782 169 MULIERE
814 123 1238 169 TYRANNICIDA
1268 124 1506 170 ΡΕΤΙΤΙΟ
1673 126 1782 180 465

89 281 214 316 τινα
267 262 528 331 μάθοιεν,
582 260 714 324 ἴσως
766 262 868 330 τὴν
920 258 1125 330 μητέρα
1176 261 1495 329 ζηλώσουσι.
1566 261 1652 315 57.
1693 264 1784 316 διὰ

9 370 11 374 ’
91 359 263 404 ταῦτα
315 353 487 419 μόνης
541 348 647 418 ἐγὼ
701 357 798 418 τῆς
846 352 1104 418 γενναίας
1156 349 1356 418 ταύτης
1405 352 1534 413 τοὺς
1586 353 1785 415 παῖδας

91 441 329 506 τίθεμαι.
368 438 475 492 ἀπὸ
515 439 729 492 τούτων
758 439 1233 507 τυραννοκτόνους
1278 437 1421 501 ἕξειν
1465 441 1567 508 τὴν
1604 443 1785 508 πόλιν,

92 528 160 581 οὐ
206 529 518 597 τυράννους
570 527 920 597 μαντεύομαι.
976 525 1086 594 ὁρῶ
1142 527 1243 594 τὴν
1289 526 1648 597 θρεψαμένην
1693 528 1784 582 καὶ

92 619 360 686 χρηστοὺς
413 619 641 670 ἔσεσθαι
694 617 822 678 τοὺς
875 615 1077 677 παῖδας
1124 615 1463 684 στοχάζομαι.
1519 615 1785 671 ἐντεῦθεν
1830 636 1850 671 ⁶

91 704 231 775 ἔχεις
281 704 371 759 καὶ
418 708 487 758 σὺ
534 702 772 773 φυλάξαι
819 705 917 757 τὸν
955 704 1250 771 τυράννοις
1297 704 1656 774 ἀγριαίνοντα
1694 708 1783 759 νό-

91 814 198 862 μον
235 794 398 863 κάμοὶ
434 794 533 847 τὸν
571 795 701 856 τοὺς
747 793 946 855 παῖδας
995 794 1350 863 χαριζόμενον
1398 802 1462 864 τῇ
1510 793 1672 863 μητρὶ
1701 797 1784 864 μὴ

90 882 498 952 καταπροέσθαι
535 884 828 951 περίεστιν.
869 882 971 935 οὐκ
1007 880 1113 935 εἰσὶ
1145 881 1426 951 τυράννου
1458 884 1662 951 πατρὸς
1694 882 1783 936 καὶ

91 972 151 1025 τὸ
182 971 402 1041 γράμμα
432 971 493 1024 τὸ
519 972 622 1024 σὸν
653 969 1038 1040 ἐκπεφεύγασι.
1071 973 1519 1040 τυραννοκτόνον
1551 972 1784 1041 αὐχοῦσι

90 1059 295 1130 μητέρα
330 1058 421 1113 καὶ
467 1068 531 1130 τῇ
578 1061 741 1130 μητρὶ
787 1061 1120 1129 παραψυχὴν
1154 1058 1161 1131 Ι
1198 1059 1226 1112 ὁ
1267 1061 1438 1129 δῆμος
1477 1059 1603 1113 ἀπέ-
1648 1066 1771 1110 RIV
1788 1071 1872 1110 813

91 1152 227 1202 λιπε.
290 1147 376 1202 58.
416 1150 648 1212 τούτους
696 1150 774 1212 εἰς
814 1150 1029 1216 δωρεὰν
1068 1149 1206 1217 αὐτὴ
1252 1145 1354 1218 μὲν
1392 1147 1611 1219 ᾔτησεν,
1650 1151 1683 1218 ἡ
1725 1147 1785 1203 δὲ
1811 1174 1851 1205 11

90 1239 249 1300 πόλις
284 1239 590 1307 ψηφίζεται.
643 1239 729 1291 δεῖ
766 1239 869 1308 γὰρ
919 1238 1021 1306 τὴν
1059 1237 1421 1307 θρεψαμένην
1460 1239 1785 1308 εὐεργετεῖν,

90 1327 234 1390 ὅπως
281 1327 386 1396 ἄρα
431 1327 522 1380 καὶ
572 1327 803 1380 δύναιτό
849 1347 946 1389 τις.
1003 1320 1118 1379 εἶτα
1166 1327 1255 1379 καὶ
1304 1328 1521 1397 δωρεὰν
1567 1331 1707 1381 αἰτεῖ
1750 1328 1783 1397 ἣ

88 1410 178 1468 καὶ
217 1417 319 1484 τὴν
356 1418 522 1469 πόλιν
561 1416 628 1469 οὐ
668 1418 900 1484 λυπήσει
939 1413 1029 1468 καὶ
1069 1417 1168 1469 τὸν
1207 1416 1539 1484 αἰτούμενον
1577 1417 1784 1487 εὐφρα-

90 1513 190 1558 νεῖ.
245 1502 375 1557 οὔθ’
437 1504 466 1558 ὁ
521 1513 616 1573 τῆς
670 1504 985 1574 εὐεργεσίας
1041 1503 1170 1558 οὔθ’
1226 1503 1255 1557 ὁ
1306 1513 1401 1573 τῆς
1454 1504 1787 1568 ἀντιδόσεως
1811 1526 1851 1560 1⁵

5 1607 10 1613 “
89 1591 519 1663 ἐστενοχώρηται
574 1595 801 1662 τρόπος,
857 1593 973 1646 ἀλλ’
1037 1591 1116 1645 ἐπ’
1175 1593 1386 1663 ἀμφοῖν
1439 1592 1530 1646 καὶ
1586 1595 1786 1663 δρᾶσαι
1914 1579 1922 1586 ’

0 1700 1 1720 ³
87 1680 179 1735 καὶ
225 1687 431 1735 παθεῖν
476 1684 537 1735 τὸ
585 1683 836 1750 βούλημα
883 1683 1143 1750 γίγνεται.
1198 1684 1254 1734 τί
1296 1690 1437 1750 γοῦν
1485 1683 1695 1750 δεινόν,
1742 1679 1784 1736 ὦ

13 1824 19 1828 ,
89 1771 227 1840 πρὸς
249 1778 343 1839 τῆς
368 1771 541 1839 Δίκης
567 1770 752 1839 αὐτῆς,
778 1772 827 1824 εἰ
860 1768 931 1823 δι’
963 1770 1102 1838 ἡμᾶς
1133 1775 1452 1824 καθελοῦσα
1482 1772 1583 1824 τὸν
1607 1771 1786 1841 ἄνδρα

89 1862 218 1922 τοὺς
257 1857 430 1927 μηδὲν
468 1860 795 1927 ἠδικηκότας
833 1860 1033 1922 παῖδας
1070 1860 1328 1927 βούλεται
1366 1861 1710 1928 περισώζειν;

208 1995 234 2034 8
267 1991 338 2034 Et.
372 1990 432 2035 M.
467 2006 501 2034 s.
534 2005 572 2033 v
607 1989 962 2044 καταπροέσθαι
992 2005 1036 2047 p.
1062 1994 1164 2045 495,
1183 1995 1238 2034 38
1364 1995 1416 2034 16
1451 1991 1508 2035 cf.
1534 2006 1580 2048 p.
1606 1995 1707 2045 453,
1729 1996 1782 2034 12

92 2050 98 2105 ἱ
136 2050 192 2094 cf.
225 2065 270 2106 p.
296 2054 396 2132 459,
417 2055 438 2093 1
460 2064 525 2105 sq.
652 2054 706 2093 18
739 2049 797 2093 cf.
830 2064 874 2106 p.
901 2054 1002 2106 358,
1023 2055 1069 2104 13
1103 2054 1249 2104 458‚5

13 2191 18 2196 =
207 2175 234 2212 4
266 2168 358 2223 ὁρῶ
385 2194 438 2201 -
467 2175 490 2211 5
525 2167 801 2225 στοχάζομαι
832 2168 882 2211 in
914 2182 1046 2225 marg
1070 2168 1179 2214 Mo’
1228 2168 1235 2226 Ι
1286 2168 1406 2224 ὁρῶν
1440 2168 1646 2212 Sintenis

14 2234 27 2281 -ῑ,
90 2232 116 2271 6
151 2228 266 2285 ἔχεις
296 2227 462 2284 scripsi
495 2240 519 2270 e
544 2228 634 2271 Ma
648 2228 734 2271 Vat
794 2225 908 2280 ἕξεις
933 2228 1073 2273 ΟΖΜο
1097 2228 1164 2271 Re
1286 2233 1311 2270 9
1346 2229 1542 2285 αὐχοῦσι
1567 2227 1731 2285 scripsi
1758 2241 1782 2271 s

16 2319 26 2345 ³.
91 2288 334 2331 MaClVat
373 2287 466 2331 coll
499 2301 551 2362 p.
569 2291 671 2340 466,
691 2291 745 2329 12
786 2299 891 2329 cum
921 2286 1132 2331 Iacobsio
1164 2287 1266 2330 th
1299 2286 1336 2330 T
1362 2291 1446 2331 836
1482 2287 1622 2330 Schul
1701 2287 1783 2344 οὐχ

16 2370 18 2399 ;
89 2354 194 2390 οῖσι
219 2346 303 2390 Mo
375 2347 461 2390 οὐκ
500 2342 603 2390 οὖσι
634 2345 701 2389 Re
764 2345 919 2418 ἔχουσι
949 2346 1111 2390 Iacobs
1143 2346 1272 2389 Anth
1303 2345 1409 2403 App
1442 2346 1554 2390 Pors
1579 2346 1627 2389 11.
1653 2345 1701 2388 ll.
1737 2348 1784 2389 et

15 2409 19 2418 '
92 2405 296 2449 Sintenis
442 2409 496 2448 10
528 2403 659 2459 παρὰ
689 2414 847 2477 ψυχην
874 2405 927 2449 ol
1062 2410 1116 2448 12
1150 2407 1226 2449 δεῖ
1246 2431 1301 2438 -
1330 2410 1384 2449 13
1415 2421 1485 2457 τις
1515 2404 1784 2462 praemissis

16 2470 31 2517 Ξ,
90 2464 244 2508 verbis
282 2471 364 2536 τῆς
402 2463 587 2520 μελέτης
625 2464 676 2508 ἐν
714 2457 742 2521 ᾗ
784 2462 1017 2517 τυράννου
1057 2462 1278 2514 πεσόντος
1315 2464 1408 2508 ὑπὸ
1450 2470 1530 2520 τῆς
1565 2464 1786 2520 γυναικὸς

20 2566 23 2570 ,
91 2517 362 2580 ἀγωνίζεταί
401 2539 471 2573 τις
510 2522 590 2566 διὰ
627 2523 712 2578 τὴν
749 2521 923 2578 μητέρα
965 2530 1107 2567 σῶσαι
1145 2524 1254 2574 τοὺς
1294 2526 1472 2573 παῖδας
1512 2530 1594 2567 τοῦ
1640 2521 1784 2579 νόμου

20 2611 29 2638 ;
91 2580 289 2627 κτείνειν
321 2582 587 2632 κελεύοντος
618 2582 737 2625 citat
768 2581 999 2626 Macarius
1032 2582 1435 2638 Chrysocephalus
1475 2582 1554 2625 fol.
1581 2586 1662 2625 80
1694 2581 1782 2637 (ed.

93 2640 274 2685 Villois.
298 2641 474 2685 Aneod.
498 2641 540 2684 H
567 2646 634 2695 12,
668 2653 692 2683 e
725 2654 816 2695 quo
847 2641 1066 2697 repetivit
1096 2641 1290 2685 Reiskia.
1313 2641 1413 2686 Lib.
1439 2643 1471 2684 13.
1497 2641 1518 2684 I
1548 2656 1593 2697 p.
1619 2639 1782 2697 XXVI)

99 2699 105 2759 Ι
141 2699 227 2756 γὰρ
261 2714 332 2744 om
367 2700 526 2744 Macar
649 2704 702 2742 13
735 2699 928 2744 δύναιτο
959 2698 1028 2751 τίς
1054 2701 1200 2746 MaGl
1247 2703 1255 2757 Ι
1298 2700 1419 2744 αἰτεῖ
1448 2700 1614 2757 scripsi
1645 2714 1670 2744 θ
1694 2700 1784 2743 Ma

96 2759 246 2804 GlVat
306 2758 454 2804 αἰτεῖν
473 2761 557 2804 Mo
580 2759 647 2802 Re
675 2762 682 2814 Ι
710 2756 809 2815 ἥτις
827 2759 916 2803 Μα
1039 2764 1093 2802 14
1124 2761 1274 2816 καὶ(1)
1300 2773 1375 2803 om
1402 2760 1489 2803 Vat
1515 2762 1521 2815 Ι
1549 2757 1783 2813 εὐφράναι

103 2819 190 2862 Vat
311 2822 365 2861 16
396 2816 538 2868 τόπος
568 2817 851 2861 Markowski
878 2819 885 2873 Ι
914 2817 1152 2874 ἐπαμφοῖν
1184 2820 1273 2863 Vat
1320 2820 1327 2876 Ι
1374 2817 1544 2871 δράσαι
1575 2818 1665 2862 Vat

44 2904 46 2906 ν
96 2881 148 2920 17
194 2875 370 2934 γίνεται
397 2879 480 2922 Mo
519 2877 586 2920 Re
731 2880 785 2920 18
828 2875 950 2933 ἡμᾶς
988 2877 1153 2934 scripsi
1184 2891 1209 2921 e
1235 2877 1479 2922 MaClVat
1553 2877 1673 2932 ὑμᾶς
1698 2877 1782 2920 Mo

46 2971 49 2973 .
94 2935 162 2979 Re
307 2940 358 2979 19
400 2936 578 2991 ανδρας
604 2936 748 2980 MaCl
779 2935 859 2978 sed
890 2935 940 2979 in
971 2936 1059 2980 hoc
1091 2954 1145 2993 γρ
1177 2938 1353 2986 παῖδας
1384 2936 1432 2978 in
1465 2949 1597 2991 marg

182 3018 378 3049 Lmuncs
395 3018 452 3049 od.
466 3018 664 3049 Foersto
673 3018 806 3048 r.VII.
1373 3013 1427 3051 30
