2044 3168
164 122 248 167 AD
279 121 782 168 ANTEOEDENTEM
810 121 1340 168 DEGLAMATIONEM
1368 120 1700 167 ANTILOGIA
1751 121 1858 175 163

271 257 358 310 43.
397 255 548 312 Ἀλλ’
586 258 924 323 ὑποκνίζει
962 260 1031 312 τὸ
1069 259 1395 312 τάλαντον
1435 258 1646 311 ἀπιόν.
1678 260 1737 310 τί
1772 257 1857 321 δέ;

161 346 309 414 εἴπερ
346 347 511 410 αὐτὸς
543 347 666 400 ἀντὶ
695 355 795 401 τοῦ
827 347 1100 401 ταλάντου
1134 346 1340 417 ἀπῄεις,
1374 347 1441 400 οὐ
1471 348 1614 400 πολὺ
1645 349 1860 414 μᾶλλον,

159 433 229 503 ἦν
284 438 556 506 λυπηρόν;
610 443 910 507 τοιγαροῦν
956 436 1182 500 ἀντίθες
1228 444 1294 507 τῇ
1342 437 1500 507 ζημία
1546 436 1608 488 τὸ
1648 434 1857 505 κέρδος.

161 526 238 588 εἰς
269 525 479 578 σαυτὸν
510 524 675 594 βλέπε
705 524 796 578 καὶ
835 526 936 593 τὴν
976 533 1184 578 σαυτοῦ
1224 527 1515 595 σωτηρίαν.
1556 523 1679 592 λέγε
1718 525 1857 594 πρὸς

160 615 367 668 σαυτὸν
399 615 790 684 διαλεγόμενος
822 614 1022 683 ἡσυχῆ·
1056 612 1492 667 ἐκινδύνευον
1526 612 1735 682 μηκέτ’
1767 609 1856 666 εἷ·
1902 637 1924 671 5

157 723 292 772 ναι,
326 702 644 756 ἀπολέσαι
675 704 907 771 πάντα,
939 703 1007 756 τὸ
1042 712 1174 772 φῶς
1205 703 1377 770 τόδε,
1408 705 1567 765 τοὺς
1599 702 1856 772 ἀνθρώ-

156 811 343 861 πους,
382 793 456 845 τὰ
495 794 799 862 χρήματα.
840 790 971 845 ἀλλ’
1012 791 1041 845 ὁ
1074 801 1224 854 παῖς
1263 792 1496 861 ἄριστα
1526 791 1856 862 προύνοή-

160 896 330 935 σατο.
369 878 620 945 ἔδειξεν
660 880 922 949 ἀληθῶς
961 881 1340 950 φιλοπάτωρ
1392 876 1564 934 εἶναι
1601 880 1708 933 καὶ
1746 888 1856 949 τῆς

158 969 443 1039 ἐμαυτοῦ
507 971 764 1038 φύσεως
827 970 908 1032 ὡς
967 969 1246 1039 μάλιστα
1307 969 1655 1038 προελθὼν
1718 968 1854 1038 ε’βε-

155 1061 398 1127 βαίωσε
436 1060 506 1112 τὸ
548 1059 864 1127 συγγενὲς
893 1066 966 1129 τῇ
1000 1059 1250 1128 σπουδῇ
1282 1057 1399 1111 κάκ
1431 1067 1559 1111 τῶν
1594 1061 1855 1111 πολλῶν
1876 1083 1923 1115 10

156 1150 313 1211 δοὺς
343 1148 532 1216 ὀλίγα
566 1153 793 1217 ι”σχυσε
817 1147 1016 1201 πάλιν
1046 1157 1174 1201 τῶν
1200 1147 1462 1200 πάντων
1493 1146 1855 1200 ἀπολαύειν

154 1245 440 1306 ποιῆσαι.
480 1234 587 1289 καὶ
625 1243 748 1290 νῦν
788 1236 1108 1304 ἀναβιούς
1154 1238 1303 1303 εἰμι.
1360 1235 1526 1290 οὕτω
1573 1236 1692 1304 γὰρ
1739 1236 1854 1304 μά-

154 1329 343 1379 λιστα
389 1327 706 1395 προσήκει
760 1327 1070 1393 νομίζειν.
1127 1324 1169 1378 ὢ
1217 1327 1660 1394 πραγματείας
1714 1323 1854 1395 ἀρί-

155 1429 331 1484 στης,
386 1413 429 1468 ὢ
483 1423 595 1484 τῆς
646 1416 1140 1484 μεγαλοψυχίας
1192 1415 1439 1482 τούμοῦ
1500 1414 1756 1482 παιδός,
1809 1412 1851 1466 ὢ

154 1511 266 1573 τῆς
302 1502 450 1573 περὶ
490 1504 650 1573 ἡμᾶς
685 1503 948 1572 ἀγάπης.
988 1503 1310 1573 ἀργυρίου
1343 1505 1460 1572 τὴν
1492 1503 1659 1571 ζωὴν
1692 1503 1852 1571 ὠνή-
1879 1525 1922 1559 1⁵

155 1607 310 1647 σατο
357 1600 473 1646 τοῦ
519 1594 778 1663 πατρός.
832 1591 939 1645 καὶ
985 1601 1107 1646 νῦν
1154 1595 1286 1661 ἔχει
1333 1593 1448 1662 μὲν
1495 1591 1690 1654 αὐτὸς
1738 1591 1852 1643 τὸν

153 1681 421 1752 πατέρα,
459 1681 631 1750 κάγὼ
673 1680 743 1734 δὲ
772 1683 887 1734 τὸν
917 1682 1118 1735 παῖδα
1149 1682 1363 1734 πάλιν.
1402 1681 1707 1734 ἀπολαύω
1746 1678 1852 1733 καὶ

102 1830 106 1834 ,
153 1780 280 1824 τῶν
319 1772 664 1841 χρημάτων
704 1772 773 1824 τὸ
808 1771 1148 1839 δεύτερον,
1188 1779 1298 1839 τῆς
1329 1771 1566 1838 οἰκίας,
1598 1778 1725 1823 τῶν
1755 1788 1851 1822 τε-

155 1861 666 1930 τραπόδων,τῶν
681 1860 1020 1929 κτημάτων
1043 1860 1488 1927 πάντων.μετὰ
1503 1867 1618 1912 τοῦ
1644 1859 1849 1927 δήμου

154 1950 600 2018 περιπολεύω,
651 1948 776 2018 ὁρῶ
815 1949 884 2001 τὸ
925 1951 1118 2018 βῆμα,
1164 1951 1317 2011 τοὺς
1356 1948 1690 2015 δικαστάς,
1735 1948 1920 2016 τὴνεο

154 2037 431 2108 ἀγοράν,
455 2046 566 2107 τῆς
587 2041 926 2100 πολιτείας
949 2038 1018 2090 τὸ
1045 2046 1265 2107 σχῆμα.
1299 2037 1850 2106 συνεκκλησιάζω,

154 2126 435 2197 εἰσφέρω
489 2128 898 2196 ψηφίσματα,
958 2126 1244 2196 εἰσφέρω
1306 2127 1578 2195 γνώμας.
1655 2125 1852 2179 οὐδὲν

154 2215 183 2268 ὃ
223 2217 302 2285 μὴ
357 2217 462 2269 καὶ
520 2212 716 2278 αὖθις
771 2215 1114 2284 ἀπείληφα.
1162 2216 1195 2269 ἃ
1240 2217 1315 2285 δὴ
1355 2216 1562 2269 πάντα
1616 2215 1695 2284 μὴ
1751 2213 1851 2266 ὅτι

156 2302 326 2373 ἑνός,
381 2304 540 2357 ἀλλά
593 2305 846 2373 μυρίων
900 2306 980 2373 μὴ
1033 2303 1428 2372 προτιθέναι
1489 2304 1849 2370 ταλάντων,

153 2394 433 2460 μάλιστα
481 2389 549 2445 δὲ
594 2394 839 2455 παντὸς
885 2398 1258 2463 θησαυροῦ,
1313 2393 1431 2445 οὐκ
1477 2387 1624 2446 οἶδα
1670 2393 1851 2452 τίνος
1874 2413 1918 2445 25

155 2480 319 2551 ἐρῶν
381 2478 576 2551 ἔργον
645 2480 906 2549 ἀληθῶς
960 2482 1161 2534 εἰπὼν
1214 2479 1458 2550 ἔσομαι.
1539 2481 1626 2533 44.
1680 2487 1851 2532 ταῦτα

154 2580 269 2632 τοῖς
323 2574 606 2639 λογισμοῖς
661 2570 719 2623 οἵ
777 2584 837 2622 σε
890 2567 1006 2623 κατ’
1054 2569 1188 2639 ἐμοῦ
1242 2568 1654 2640 παροξύνουσιν
1701 2567 1850 2621 ἀντι-

154 2659 318 2726 τίθει,
363 2659 454 2712 καὶ
493 2659 596 2713 οὐκ
634 2658 925 2727 ἀγνοήσεις
969 2661 1068 2712 τὸν
1114 2663 1396 2728 φίλτατον.
1456 2659 1750 2725 προστίθει
1790 2652 1850 2708 δὲ

154 2747 245 2800 καὶ
298 2754 415 2809 τοῖς
469 2746 800 2816 εἰρημένοις,
860 2749 909 2799 εἰ
962 2747 1174 2815 βούλει·
1229 2743 1413 2815 ἔστω,
1467 2746 1848 2799 ὑποκείσθω

274 2880 299 2919 5
333 2876 528 2922 σεαυτὸν
553 2877 649 2922 LV
768 2882 819 2921 11
856 2874 1040 2934 ὀλίγους
1063 2878 1107 2921 L
1134 2879 1141 2934 Ι
1170 2875 1487 2936 ἴσχυσέ<με>ἳ
1613 2880 1667 2919 14
1700 2869 1734 2919 ὦ
1760 2874 1802 2917 L
1838 2874 1843 2932 i

153 2942 236 2980 τοῦ
267 2942 356 2992 μοῦ
382 2937 425 2980 L
1711 2954 1713 2956 ·

1404 3009 1492 3052 11*
