1986 3158
796 107 1155 151 PRAEFArlo·
1330 94 1336 105 “
1714 108 1818 152 ⁴vn

236 247 327 296 Sed
361 250 514 296 etiam
547 250 845 310 apparatum
876 248 1100 296 criticum
1135 249 1297 309 ipsum
1330 248 1386 296 ut
1416 249 1565 296 nimis
1598 249 1817 311 amplum

122 324 402 385 vituperat.=
434 322 504 370 At
541 338 713 370 verum
744 338 842 370 non
876 324 950 369 est
982 323 1114 384 quod
1145 321 1294 370 dixit:
1333 321 1460 382 „dass
1494 322 1546 370 F.
1580 323 1708 370 auch
1739 322 1818 383 da,

122 413 198 444 wo
238 396 366 445 viele
405 396 793 444 Handschriften
838 395 972 443 einer
1009 395 1184 444 Klasse
1230 396 1690 457 iibereinstimmen,
1741 396 1818 443 die

122 487 247 536 ganz
293 471 552 519 wertlosen
599 469 931 532 Korruptelen
980 470 1224 518 einzelner
1261 469 1647 518 Handschriften
1695 471 1818 519 voll-

123 544 321 608 stfindig
358 544 566 592 mitteilt
604 543 705 591 und
745 544 871 591 auch
909 544 1032 591 iiber
1070 544 1378 592 Differenzen
1410 545 1478 592 im
1509 543 1725 605 Akzent,
1764 546 1816 591 in

124 619 210 667 der
250 618 610 682 Orthographie
646 633 762 666 usw.
795 618 1101 665 ausfiihrlich
1139 617 1389 666 handelt.“
1443 618 1574 667 Nam
1614 619 1815 665 minime

122 694 247 741 tales
265 708 355 755 ego
379 692 614 740 lectiones
631 692 818 754 protuli
837 708 1018 753 omnes,
1035 708 1203 740 earum
1222 708 1337 740 vero
1358 708 1483 754 quae
1502 692 1564 740 ad
1580 692 1815 740 iudicium

124 767 182 815 de
228 767 336 815 loco
384 766 641 828 pretioque
689 765 847 814 codici
897 766 1158 814 tribuendo
1209 766 1491 814 faciendum
1540 768 1818 814 conferrent

123 840 435 903 praetermisi
472 841 676 887 nullam.
733 839 911 888 Omnes
952 842 994 888 si
1034 840 1232 888 silentio
1270 857 1492 902 premere
1532 841 1814 901 voluissem,

122 915 286 978 imago
318 914 603 963 traditionis
636 914 899 962 obscurata
924 917 1063 975 esset.
1110 915 1283 976 Neque
1307 931 1382 963 res
1410 914 1816 979 orthographicas

122 989 312 1050 protuli
350 988 447 1036 nisi
488 988 573 1035 ubi
613 991 703 1036 aut
735 988 798 1035 ad
828 988 1040 1036 formam
1071 988 1398 1057 Libanianham
1438 989 1814 1037 nanciscendam

63 1121 67 1123 ,
123 1065 210 1110 aut
241 1063 302 1110 ad
334 1062 745 1111 necessitudinem
778 1063 1001 1111 codicum
1034 1062 1466 1112 demonstrandam
1501 1067 1588 1111 aut
1620 1063 1683 1110 ad
1715 1079 1814 1111 cer-

122 1140 227 1185 tam
261 1137 510 1198 quandam
544 1139 843 1198 scripturam
874 1137 1025 1185 medii
1058 1137 1167 1185 aevi
1206 1137 1552 1185 illustrandam
1588 1136 1711 1199 opus
1744 1139 1814 1185 vi-

125 1211 346 1259 debatur.

233 1285 303 1333 At
349 1285 501 1333 etiam
550 1285 675 1333 illud
729 1284 1111 1347 improbandum
1169 1285 1301 1347 quod
1348 1285 1429 1347 „R
1479 1285 1574 1333 alle
1621 1285 1814 1333 Abwei-

123 1360 347 1423 chungen
371 1375 468 1407 von
499 1360 729 1406 friiheren
755 1359 986 1406 Drucken
1011 1359 1104 1406 mit
1129 1361 1287 1407 einem
1319 1359 1507 1422 scripsi,
1537 1359 1710 1419 delevi,
1743 1360 1814 1406 in-

123 1433 253 1481 serui
284 1434 515 1493 versieht‚
548 1433 673 1481 auch
699 1449 772 1481 wo
803 1450 854 1482 er
887 1434 1083 1481 einfach
1115 1434 1201 1480 der
1231 1423 1612 1496 Uberlieferung
1643 1432 1816 1496 folgtf‘

122 1506 310 1555 Verum
348 1508 530 1555 iterum
570 1524 669 1555 non
709 1510 783 1555 est
822 1524 899 1555 me
938 1508 990 1554 in
1030 1509 1264 1568 exemplis
1307 1507 1476 1556 allatis
1522 1508 1816 1570 simpliciter

121 1573 442 1630 traditionem
471 1581 712 1629 librorum
744 1584 965 1630 secutum
1000 1597 1117 1631 esse.
1160 1582 1291 1629 Nam
1323 1598 1422 1630 non
1454 1582 1512 1628 de
1545 1581 1814 1630 traditione

121 1671 223 1704 una
255 1657 405 1718 atque
439 1672 612 1717 aequa,
644 1655 729 1703 sed
755 1656 814 1703 de
846 1656 1114 1717 multiplici
1139 1659 1289 1718 atque
1321 1657 1502 1718 impari
1527 1657 1705 1719 agitur.
1750 1657 1816 1703 Et

123 1745 234 1778 cum
265 1729 481 1778 officium
516 1730 582 1778 sit
621 1729 824 1778 editoris
855 1745 1048 1792 semper
1077 1730 1296 1778 indicare
1315 1735 1422 1792 'qua
1444 1746 1497 1778 re
1528 1732 1634 1792 ipse
1668 1746 1697 1778 a
1720 1730 1815 1777 lec-

121 1805 257 1851 tione
288 1804 587 1852 editionibus
618 1803 807 1852 tradita
838 1806 1096 1852 recesserit
1126 1808 1233 1852 tum
1256 1805 1378 1852 haec
1400 1806 1531 1852 ratio
1555 1805 1813 1852 retinenda

123 1880 230 1926 erat
258 1878 311 1924 in
342 1877 551 1926 Libanio
585 1880 722 1926 cuius
754 1879 1080 1940 paucissimae
1123 1881 1319 1926 exstant
1358 1878 1598 1926 editiones
1630 1894 1814 1940 eaeque

122 1952 267 2000 hodie
306 1953 407 2000 iam
438 1968 536 2000 non
568 1952 738 2000 faciles
772 1952 913 2000 aditu
943 1953 1122 2000 nedum
1154 1953 1415 2014 parabiles.
1472 1953 1539 2000 Et
1570 1952 1614 2000 si
1645 1968 1812 2001 verum

123 2029 197 2075 est
229 2026 359 2088 quod
391 2026 632 2074 Henricus
658 2025 871 2074 Schenkl
895 2020 1061 2092 (hebd.
1086 2026 1256 2089 philol.
1281 2027 1443 2074 Berol.
1472 2027 1613 2075 1904
1645 2043 1691 2073 n.
1719 2022 1813 2091 46)

123 2100 248 2147 dixit
277 2100 500 2148 taedium
532 2100 807 2148 editionum
841 2100 1125 2148 criticarum
1163 2101 1308 2148 hodie
1345 2102 1496 2148 etiam
1536 2100 1815 2163 philologos

123 2175 322 2235 cepisse,
355 2189 554 2222 causam
583 2175 730 2222 huius
762 2176 835 2222 rei
864 2175 1000 2222 haud
1031 2176 1290 2222 minimam
1322 2190 1426 2222 esse
1458 2174 1581 2222 mihi
1614 2190 1812 2237 persua-

123 2263 230 2296 sum
269 2250 343 2296 est
382 2249 514 2310 quod
552 2248 604 2295 in
643 2263 859 2297 summas
901 2247 1126 2296 incidunt
1164 2250 1488 2297 obscuritates
1533 2251 1684 2310 atque
1729 2263 1812 2295 an-

123 2323 313 2385 gustias
345 2324 433 2384 qui
464 2325 710 2384 apparatu
742 2323 913 2371 critico
954 2323 1225 2370 editionum
1263 2322 1571 2384 quarundam
1611 2338 1708 2369 uno
1743 2323 1811 2369 al-

121 2399 288 2443 terove
321 2397 428 2444 loco
460 2395 535 2443 uti
566 2396 752 2444 volunt.
810 2394 964 2452 Quam
998 2413 1101 2444 rem
1133 2413 1210 2443 me
1243 2397 1547 2458 experientia
1579 2397 1729 2458 longa
1761 2397 1813 2442 in

122 2469 446 2532 scriptoribus
478 2470 558 2518 vel
589 2470 811 2533 legendis
840 2471 920 2518 vel
949 2472 1000 2518 in
1035 2470 1296 2518 seminario
1329 2469 1600 2518 tractandis
1633 2469 1812 2518 docuit.

122 2543 260 2590 Nihil
300 2544 455 2606 igitur
502 2544 756 2605 antiquius
803 2543 954 2592 habui
995 2559 1146 2606 quam
1192 2547 1249 2591 ut
1296 2546 1565 2605 apparatus
1614 2543 1812 2591 criticus

124 2619 251 2665 esset
284 2633 431 2679 quam
464 2618 766 2666 clarissimus
804 2619 1094 2679 praesertim
1134 2618 1187 2664 in
1219 2619 1457 2679 scriptore
1491 2619 1629 2665 cuius
1663 2633 1813 2678 opera

123 2691 282 2738 maior
311 2706 426 2753 pars
459 2692 677 2739 virorum
709 2691 965 2740 doctorum
998 2708 1096 2740 non
1121 2693 1286 2739 omnia
1312 2708 1340 2738 a
1371 2694 1534 2753 prima
1563 2706 1718 2751 usque
1752 2691 1813 2737 ad

123 2765 351 2812 ultimam
381 2765 566 2812 lineam
595 2768 762 2813 versat
793 2765 877 2813 sed
901 2781 1053 2812 unum
1079 2766 1351 2813 alterumve
1378 2765 1666 2827 opusculum
1690 2764 1814 2828 legit

124 2838 202 2886 vel
233 2838 362 2886 hunc
392 2839 597 2887 illumve
630 2839 791 2887 locum
821 2839 1036 2900 inspicit.
1084 2839 1277 2886 Horum
1308 2855 1398 2902 ego
1431 2838 1651 2886 omnium
1684 2853 1811 2885 com-

124 2911 268 2958 modo
302 2913 653 2960 consulendum
680 2927 782 2961 esse
808 2913 923 2960 duxi
954 2913 1027 2960 ita
1059 2915 1117 2960 ut
1148 2914 1486 2973 unusquisque
1519 2913 1605 2972 qui
1638 2911 1811 2958 editio-
