2044 3168
219 118 329 171 244
630 118 855 163 LIBANH
884 118 1276 164 DEGLAMATIO
1310 118 1523 163 XXXVII

218 254 310 309 καὶ
365 257 397 325 ἡ
452 254 763 323 παράδοξος
815 254 931 308 κατ’
994 254 1130 325 ἐμοῦ
1184 263 1281 325 τῆς
1343 258 1676 324 τυραννίδος
1730 257 1916 324 γραφὴ

220 345 510 413 ἀναγκάζει
548 364 613 412 με
654 347 941 414 συντόμως
979 345 1047 398 τά
1085 364 1142 397 τε
1182 342 1308 414 περὶ
1351 346 1451 397 τὸν
1489 346 1732 413 πόλεμον
1771 344 1920 407 ὅπως

220 429 366 503 εἶχεν
421 435 596 487 εἰπεῖν
650 432 740 487 καὶ
792 432 919 502 μεθ’
973 428 1039 502 ἧς
1092 441 1262 486 ταῦτα
1314 431 1488 502 ᾔτουν
1543 434 1919 501 διηγήσασθαι

219 522 454 591 γνώμης.
494 520 605 591 ἔχει
645 524 750 595 γὰρ
791 522 979 585 οὕτως.

177 634 196 665 5
337 611 382 663 7.
422 612 608 665 Πάλαι
654 608 781 679 παρ’
835 612 991 681 ἡμῖν,
1041 608 1083 664 ὦ
1132 612 1410 679 δικασταί,
1466 612 1614 678 φορὰ
1660 619 1921 680 πονηρῶν

214 698 310 753 ,καὶ
367 702 703 770 δωροδόκων
763 701 855 753 καὶ
910 693 1026 763 οἷος
1089 695 1251 762 οὗτος
1315 699 1507 767 γέγονε
1562 699 1813 769 ῥητόρων
1866 702 1925 752 οἳ

211 790 416 858 μικρὰς
464 791 681 858 ἔχοντες
727 791 863 842 κατὰ
910 799 1021 843 τῶν
1067 794 1311 843 πολιτῶν
1359 788 1613 857 ἀφορμὰς
1662 790 1741 850 είς
1778 787 1922 851 ὕψος

218 879 316 940 τὰς
357 879 533 941 αἰτίας
571 874 728 947 ἦγον,
767 879 1024 947 θορύβου
1065 875 1126 931 δὲ
1165 876 1257 930 καὶ
1297 886 1542 947 κραυγῆς
1582 876 1666 930 ἀεὶ
1706 878 1801 938 τὰς
1841 876 1920 928 ἐκ·

222 971 449 1036 κλησίας
487 971 828 1037 πληροῦντες
866 977 979 1020 τῶν
1019 967 1189 1038 ὁρίων
1236 966 1493 1020 ἐλαύνειν
1541 965 1640 1029 ἔξω
1688 965 1787 1018 τὸν
1827 965 1921 1033 δῆ-

146 1079 199 1110 -ιο
223 1075 331 1125 μον
370 1058 499 1119 τοὺς
539 1056 709 1110 οὐδὲν
747 1057 780 1125 ἢ
820 1057 1020 1124 μικρὸν
1061 1058 1412 1124 λυπήσαντας
1452 1058 1682 1108 ἔπειθον
1714 1062 1779 1124 τῇ
1810 1063 1922 1107 τῶν

221 1147 551 1214 κρειττόνων
589 1146 913 1215 μεταστάσει
960 1146 1056 1208 τὰς
1103 1145 1320 1214 πρώτας
1366 1142 1514 1213 ἔχειν
1560 1142 1718 1197 αὐτοὶ
1766 1144 1924 1212 τιμὰς

222 1242 316 1302 τῆς
354 1236 630 1298 πολιτείας
670 1233 991 1300 ἐλπίζοντες.
1033 1235 1106 1296 ὡς
1145 1231 1207 1286 δὲ
1247 1234 1300 1287 οἱ
1332 1231 1434 1302 μὲν
1465 1235 1597 1295 τοὺς
1629 1235 1923 1301 γενναίους

215 1323 312 1377 ,καὶ
377 1326 798 1393 μεγαλόφρονας
858 1325 1106 1392 ἤλαυνον
1165 1325 1417 1390 πολίτας,
1480 1320 1803 1392 ἐκηρύττετο
1863 1321 1924 1373 δὲ

218 1422 341 1474 τοῖς
387 1414 670 1480 πολεμίοις
715 1412 776 1464 τὸ
824 1419 1072 1481 πρᾶγμα,
1127 1411 1401 1463 ἐλάνθανε
1448 1411 1510 1463 δὲ
1559 1410 1763 1472 αὐτοὺς
1812 1418 1925 1461 τῶν

146 1523 199 1556 1⁶
224 1499 535 1569 γινομένων
576 1499 769 1568 οὐδέν,
817 1502 937 1553 τότε
984 1509 1204 1568 πρῶτον
1242 1500 1481 1568 μεγάλας
1522 1500 1657 1552 κατὰ
1696 1507 1790 1567 τῆς
1827 1500 1923 1550 πό-

225 1594 359 1652 λεως
397 1586 563 1658 ἔσχον
604 1588 851 1657 ἐλπίδας,
901 1589 991 1642 ὅτε
1038 1591 1168 1650 τοὺς
1207 1587 1520 1655 ἀμύνοντας
1567 1587 1669 1641 οὐκ
1709 1584 1855 1656 εἶχεν
1894 1587 1922 1639 ὁ

226 1679 413 1748 δῆμος,
454 1679 541 1731 ὅτε
581 1687 694 1731 τῶν
733 1679 1054 1731 διωκόντων
1086 1679 1311 1739 πλείους
1343 1673 1484 1744 ἦσαν
1516 1678 1568 1730 οἱ
1607 1678 1923 1746 φεύγοντες.

222 1766 273 1819 8.
315 1765 590 1836 ἐπέρρωσε
645 1767 746 1835 μὲν
801 1764 905 1820 οὖν
960 1769 1091 1828 τοὺς
1147 1768 1440 1834 δυσμενεῖς
1485 1766 1518 1832 ἡ
1570 1766 1774 1834 μεγάλη
1831 1774 1925 1834 τῆς

225 1858 435 1918 πόλεως
482 1856 644 1908 ἄνοια
689 1864 752 1926 τῇ
801 1859 975 1925 πολλῇ
1031 1865 1143 1908 τῶν
1200 1853 1473 1923 φυγάδων
1524 1854 1719 1925 ἐρημίᾳ
1763 1873 1925 1908 κατα-

166 1969 207 2002 20
233 1949 571 2013 φρονεῑσθαι
610 1946 741 2007 τοὺς
788 1944 1149 2013 λειπομένους
1195 1951 1460 2010 ποιοῦσα,
1501 1944 1573 2006 ὡς
1621 1940 1681 1996 δὲ
1733 1944 1785 1996 οἱ
1825 1940 1927 2013 μὲν

229 2038 521 2086 κατελθεῖν
560 2034 653 2085 διὰ
690 2035 821 2096 τοὺς
859 2030 1027 2086 ἔνδον
1074 2033 1425 2101 συκοφάντας
1474 2031 1820 2101 κατέδεισαν,
1874 2034 1926 2086 οἱ

353 2169 378 2205 5
411 2162 714 2220 προδιήγησις
739 2164 887 2206 Mrubr

352 2287 376 2324 3
410 2278 502 2340 εἷχε
536 2283 594 2325 Vi
729 2288 754 2326 5
786 2281 900 2337 παρ’
939 2281 1064 2338 ἡμῖν,
1097 2277 1132 2325 ὦ
1164 2280 1401 2339 δικασταί]
1434 2279 1550 2335 παρ’
1586 2282 1714 2337 ἡμῶν
1748 2278 1836 2325 ὧδε
1872 2283 1928 2326 Vi

293 2346 451 2397 παρῆν
482 2337 571 2386 ὧδε
599 2340 688 2384 Par
713 2344 826 2384 3017
861 2341 1150 2397 (Boissonad.
1183 2340 1361 2396 Eunap.
1387 2340 1433 2389 ΙΙ,
1455 2342 1556 2396 134)
1606 2342 1613 2394 Ι
1664 2347 1789 2395 φορᾶ
1816 2341 1935 2385 GrH

354 2405 380 2443 8
414 2401 487 2444 ἀεὶ
516 2399 691 2443 inserui
724 2413 747 2443 e
775 2400 953 2444 CrHVz'
1015 2414 1090 2443 om
1114 2400 1263 2445 AOEB
1277 2401 1410 2444 VaM
1436 2399 1526 2442 edd
1671 2404 1696 2442 9
1728 2406 1821 2443 τῶν
1853 2413 1929 2443 om

239 2459 417 2504 OrHVz'
540 2463 594 2502 10
619 2458 760 2515 μικρὰ
779 2459 959 2504 GrHva
1082 2464 1134 2502 12
1160 2456 1304 2514 οἱμὲν
1319 2458 1446 2515 τοὺς]
1463 2458 1572 2508 τοὺς
1586 2457 1738 2514 μὲνΗ
1784 2459 1929 2514 scrip-

238 2521 342 2562 tura
366 2518 415 2561 in
442 2519 502 2562 Cr
525 2531 690 2574 parum
716 2520 843 2561 certa
870 2520 875 2575 Ι
904 2516 932 2573 ἢ
960 2520 1017 2563 H
1071 2518 1304 2574 seriphum
1327 2517 1377 2560 in
1403 2519 1462 2562 Cr
1491 2530 1657 2573 pamm
1682 2521 1810 2561 certa

242 2582 295 2621 13
328 2577 660 2633 ἀνεκηρύττετο
685 2578 730 2621 Α
875 2582 931 2620 14
972 2578 1143 2627 αὐτοὺς
1171 2584 1263 2621 τῶν
1304 2575 1558 2633 γινομένων
1591 2575 1730 2620 οὐδέν
1762 2576 1930 2632 scripsi

240 2650 296 2680 ex
319 2635 374 2681 H
382 2637 540 2682 ViAGl
616 2636 754 2680 οὐδὲν
787 2637 956 2687 αὐτοὺς
985 2644 1076 2680 τῶν
1107 2634 1392 2693 γιγνομένων
1424 2634 1697 2692 (γινομένων
1721 2636 1862 2692 BVa)
1882 2637 1929 2680 B

248 2696 380 2739 VaM
411 2695 501 2738 edd
639 2700 692 2740 15
723 2693 951 2750 πρότερον
979 2696 1030 2741 Ol
1168 2699 1221 2738 16
1255 2694 1370 2751 ἔχων
1394 2697 1438 2739 Α
1581 2699 1633 2738 17
1667 2693 1738 2738 ὅτι
1766 2693 1928 2738 Iacobs

239 2755 367 2798 Anth
399 2754 482 2797 Pal
506 2754 570 2797 111
595 2759 679 2798 709
805 2759 858 2798 18
893 2753 1116 2809 ἐπέρρωσε
1143 2753 1308 2809 scripsi
1334 2767 1358 2796 e
1385 2754 1441 2797 Vi
1465 2753 1555 2796 coll
1579 2752 1721 2797 Thuc.
1739 2753 1803 2797 IV
1820 2757 1927 2807 36‚2

299 2812 522 2868 ἐπτέρωσε
552 2813 721 2869 reliqui
752 2813 862 2856 libri
894 2813 974 2856 sed
1008 2813 1238 2869 scriptura
1268 2812 1317 2855 in
1344 2812 1404 2856 Cr
1435 2812 1628 2866 incerta,
1661 2811 1752 2856 edd
1794 2814 1800 2868 Ι
1844 2809 1929 2855 οὖν

242 2886 316 2915 om
351 2873 407 2916 Vi
543 2876 598 2915 20
629 2879 726 2922 τοῖς
757 2870 1046 2927 λειπομένοις
1071 2873 1128 2916 H
1191 2871 1421 2927 scriptura.
1453 2871 1500 2914 in
1527 2871 1587 2916 Cr
1617 2871 1795 2914 incerta

242 2936 295 2975 21
335 2931 420 2975 ἔσω
446 2933 489 2975 Β
503 2931 569 2975 Va
