2044 3168
244 107 270 158 1
282 108 308 159 7
317 107 347 160 8
828 105 1117 151 GREGORII
1149 105 1352 150 CYPRII

239 240 548 312 μετέχειν.
605 244 791 307 ἄλλοις
829 240 930 313 μὲν
971 249 1122 311 ἱσως,
1163 240 1281 310 ε’μοὶ
1323 239 1383 295 δὲ
1431 241 1498 294 οὐ
1537 241 1685 295 πάνυ
1731 261 1784 294 τι
1837 261 1930 311 χα-

240 334 421 385 λεπόν.
477 333 577 401 ε”χω
633 334 730 386 τὸν
784 332 989 401 πατέρα
1042 334 1158 400 καί,
1213 333 1263 384 εἰ
1313 332 1385 400 μὴ
1440 331 1506 383 τὰ
1560 338 1659 383 τοῦ
1708 331 1930 399 πατρός,

240 420 497 490 ἀποχρῶν
547 419 668 491 ἐμοὶ
713 423 875 475 τοῦτό
921 441 984 489 γε
1023 418 1140 473 ἀντ’
1189 421 1355 488 ἄλλης
1395 419 1747 488 εὐδαιμονίας
1795 418 1930 472 ἁπά-

240 522 351 578 σης.
393 511 440 563 εἰ
481 506 528 562 δ’
576 510 742 573 αὐτὸς
782 510 884 564 οὐκ
931 508 1395 578 ἐπιστραφήσεται
1443 508 1575 561 οὐδὲ
1613 516 1795 575 νομιεῖ
1831 515 1930 561 τοῦ

196 620 215 653 5
241 603 438 652 λοιποῦ
485 600 678 667 παῖδα,
726 600 920 668 ἥκιστα
967 601 1132 651 τοῦτό
1179 617 1239 666 γε
1287 605 1350 667 τῇ
1393 598 1559 665 φύσει
1600 599 1932 664 λυμαίνεται.

240 689 508 758 ἄρρηκτος
546 689 650 758 γὰρ
691 687 719 741 ὁ
758 688 958 757 ταύτης
1006 688 1220 754 δεσμός,
1271 686 1360 739 καὶ
1411 687 1613 739 τούτου
1660 688 1933 756 κρατήσει,

238 778 343 831 κᾶν
388 778 460 846 μὴ
508 778 768 846 τελευτὴν
819 782 972 847 εἴπῃς
1019 777 1172 845 βίου,
1221 775 1389 829 οὐδὲν
1436 775 1703 842 οὐδαμῶς.
1761 775 1843 828 71.
1885 776 1933 828 εἰ

238 863 341 936 μὲν
410 862 513 920 οὐν
579 867 941 935 ἠδικήσαμεν,
1013 866 1135 928 ἅλις
1207 864 1656 934 παρῃτησάμεθα.
1732 864 1933 934 μακρό-

238 975 369 1024 τερα
408 957 511 1026 γὰρ
554 954 732 1023 λέγειν
773 954 876 1008 οὐκ
914 951 1131 1023 ἔχομεν’
1175 955 1225 1006 εἰ
1262 951 1309 1006 δ’
1347 953 1450 1006 οὐκ
1488 949 1641 1005 ἔστιν
1680 952 1935 1022 ἀδίκημα,

174 1067 216 1100 10
241 1044 525 1098 διδάσκετε
587 1044 687 1097 τὸν
745 1042 952 1113 πατέρα
997 1043 1069 1111 μὴ
1121 1043 1341 1111 σφόδρα
1398 1042 1784 1111 δυσχεραίνειν
1835 1042 1935 1094 τὸν
2010 1038 2014 1042 ’

238 1135 409 1188 παῖδα
456 1128 497 1186 ὦ
544 1131 755 1202 ’γαθέ,
811 1131 1087 1200 λέγοντες,
1152 1131 1268 1184 οὐκ
1322 1131 1637 1200 ἠδίκησεν
1685 1130 1714 1183 ὁ
1762 1138 1933 1199 παῖς,

240 1221 372 1276 ἀλλ’
444 1221 896 1291 εὐηργέτησεν.
969 1220 1159 1284 ἀξίως
1223 1218 1459 1273 ἑαυτοῦ
1530 1218 1933 1290 διεπράξατο.

239 1315 445 1375 καλῶς
475 1311 858 1379 ἠγωνίσατο.
891 1307 1056 1379 ἔγνω
1089 1310 1206 1378 τὴν
1238 1310 1457 1378 φύσιν.
1489 1306 1753 1378 ᾐδέσθη.
1793 1307 1935 1376 ἠλέ-

239 1416 409 1470 ησεν.
466 1401 582 1454 οὐκ
629 1401 915 1470 ἠγνόησε
962 1400 1031 1453 τὸ
1081 1397 1411 1468 συγγενές.
1467 1399 1539 1452 οὐ
1596 1401 1935 1467 παρῆλθεν

173 1511 214 1545 15
240 1485 327 1543 ὧν
367 1491 751 1560 φροντίζειν
793 1490 983 1551 εἰκός.
1031 1488 1323 1559 ταλάντῳ
1365 1501 1468 1541 σοι
1515 1488 1632 1556 τὴν
1670 1505 1935 1555 περιου-

241 1580 390 1633 σίαν
421 1579 818 1647 ἠλάττωσεν,
859 1576 993 1630 ἀλλ’
1032 1579 1124 1640 εἰς
1156 1579 1357 1639 θεοὺς
1393 1575 1752 1643 ἀνάλωσεν,
1794 1573 1937 1628 ἀλλ’

239 1665 397 1737 ὑπὲρ
442 1674 574 1720 σοῦ.
615 1667 892 1735 ζηλωτὸς
934 1665 1121 1719 ἕνεκά
1154 1686 1223 1735 γε
1261 1665 1513 1718 τούτων
1552 1664 1580 1718 ὁ
1621 1672 1793 1732 παῖς,
1834 1663 1936 1716 εὐ-

241 1758 456 1825 σεβής,
483 1757 828 1825 φιλόθεος,
857 1758 1126 1824 μεγίστη
1153 1757 1499 1823 φιλοτιμία
1531 1761 1800 1822 γονεῦσι
1832 1753 1936 1806 καὶ

239 1854 350 1914 τῆς
391 1854 572 1914 σφῶν
612 1844 803 1914 εὐχῆς
843 1842 1035 1908 ἄξιος.
1091 1845 1171 1907 ὡς
1217 1843 1359 1896 εἴθε
1405 1843 1509 1896 καὶ
1556 1842 1792 1905 πάντες
1840 1834 1937 1904 οἷς

175 1935 369 1990 εοεῑσι
413 1935 642 1996 παῖδες
682 1933 886 1996 οὕτως
926 1936 1118 2002 ἔσχον
1152 1917 1769 2001 ἐγκαλλωπίσασθαι
1800 1939 1938 1992 τοῖς

243 2022 503 2077 ἑαυτῶν.
558 2026 796 2091 κόσμος
851 2021 1111 2091 ἀληθῶς
1162 2021 1300 2075 ἐστι
1346 2029 1485 2084 τοῖς
1530 2020 1937 2091 προσήκουσι

240 2113 399 2166 κατὰ
432 2114 644 2180 γένος,
684 2112 926 2178 κόσμος
957 2112 1125 2181 πάσῃ
1158 2119 1228 2181 τῇ
1261 2112 1472 2178 πόλει,
1504 2109 1938 2178 περιλάλητος

241 2211 379 2264 τοῖς
417 2204 746 2268 πολίταις,
795 2199 1051 2267 ἀγαθὸν
1097 2199 1276 2262 νέοις
1325 2199 1762 2268 παράδειγμα,
1802 2217 1938 2250 κοι-

241 2291 317 2359 νὴ
366 2299 503 2352 τοῖς
557 2288 918 2356 ἀκμάζουσι
971 2289 1306 2341 νουθεσία.
1382 2288 1463 2340 72.
1519 2285 1750 2340 πολλοὶ
1811 2295 1937 2338 τῶν

177 2401 219 2434 25
243 2380 478 2442 παῖδας
519 2377 802 2447 ἐχόντων
840 2377 999 2446 πρὸς
1037 2385 1276 2430 τοῦτον
1308 2376 1467 2446 ὁρᾶν
1498 2378 1650 2438 τοὺς
1691 2374 1938 2428 ἑαυτῶν

245 2467 617 2532 ἀξιώσουσι.
664 2464 896 2519 πολλοὶ
939 2463 1150 2518 δὲκαὶ
1191 2475 1317 2518 τῶν
1362 2466 1616 2518 παίδων
1664 2461 1936 2532 ζηλωταὶ

245 2558 651 2624 θελήσουσιν
715 2549 901 2608 εἶναι.
967 2555 1133 2622 πλὴν
1203 2553 1424 2616 οὐδεὶς
1486 2555 1935 2622 προσεγγίσει,

246 2643 468 2707 οὐδεὶς
522 2641 682 2714 ἔλθῃ
744 2644 1038 2711 πλησίον.
1104 2644 1451 2710 φιλότιμος
1514 2643 1631 2711 γὰρ
1697 2640 1937 2706 ε’σάγαν

247 2732 395 2786 ἐστι’.
459 2736 570 2785 καί
629 2752 775 2786 τινα
837 2729 964 2800 μετ’
1035 2731 1235 2783 αὐτοῦ
1307 2738 1537 2798 στῆναι
1607 2729 1723 2782 οὐκ
1791 2724 1939 2780 ἔσθ’

368 2928 389 2966 1
412 2924 536 2967 votL
643 2928 668 2966 5
689 2924 937 2966 τουλοιποῦ
955 2922 999 2965 L
1011 2922 1055 2965 V
1155 2924 1208 2963 15
1229 2918 1566 2964 wldvvovLV
1667 2922 1722 2961 28
1750 2917 1879 2962 ἔλθοι
1894 2917 1938 2960 L
