2020 3146
609 102 803 147 AVARI
834 101 1060 147 MORTIS
1091 101 1331 147 ΡΕΤΙΤΙΟ
1750 102 1819 154 25

123 247 293 293 ταῦτα
333 242 710 308 ζημιωθῶσιν,
759 239 861 292 οὐκ
907 237 1197 308 ἀνέχονται
1247 241 1343 307 ζῆν
1389 236 1550 291 τοῦθ’
1597 237 1821 301 ἕκαστος

121 330 358 398 νομίζων
414 328 802 397 ἀνιαρότατον,
866 328 948 381 ὅτι
1004 329 1267 397 δυστυχεῖ
1320 328 1446 397 περὶ
1500 327 1533 379 ἃ
1586 327 1821 396 μάλιστα

124 417 479 471 ἐσπούδακεν.
527 416 555 470 6
595 416 838 485 ἀθλητὴς
878 416 944 469 οὐ
984 418 1168 485 τυχὼν
1215 424 1314 469 τοῦ
1368 417 1647 485 στεφάνου
1688 417 1820 485 βού-

122 505 256 560 λοιτ’
303 506 373 559 ἂν
420 505 752 574 ἀποθανεῖν,
809 505 837 558 ὁ
887 506 1189 575 στρατηγὸς
1240 506 1601 575 αἰχμαλώτων
1647 506 1820 559 αὐτὸν

124 596 542 664 διαφυγόντων,
582 594 611 648 6
656 594 836 664 ῥήτωρ
885 595 1055 647 εἰπὼν
1108 591 1210 663 μὲν
1263 596 1329 647 τὰ
1384 593 1663 663 βέλτιστα,
1718 603 1818 647 τοῦ

123 683 316 747 τέλους
339 683 401 736 δὲ
424 683 696 753 ἁμαρτών,
730 682 758 736 6
791 686 898 748 ζῶν
929 681 990 736 ἐν
1022 677 1212 752 οἷσπερ
1246 681 1352 751 ἐγὼ
1385 682 1476 736 καὶ
1509 687 1819 751 φροντίζων

123 772 392 842 ἀργυρίου
439 773 563 841 περὶ
611 780 772 825 τοῦτο
821 774 1058 841 βλαβείς.
1121 773 1206 825 31.
1247 771 1352 840 ἐγὼ
1406 770 1468 826 δὲ
1514 774 1819 842 βουλοίμην

123 861 190 914 ἂν
230 861 321 914 καὶ
358 862 419 914 τὸ
460 870 614 928 σῶμα
654 860 936 931 ἐρρῶσθαι
974 860 1065 914 καὶ
1105 863 1170 914 τά
1211 861 1474 930 ἐμαυτοῦχ
1499 867 1818 930 κεκτῆσθαι,

123 951 170 1003 εἰ
219 948 265 1003 δ’
323 949 624 1018 ἀναγκαῖον
672 955 755 1018 εἴη
803 949 929 1020 περὶ
975 951 1219 1019 θάτερον
1270 950 1534 1018 γενέσθαι
1587 951 1816 1019 βλάβην,

122 1049 305 1092 νοσῶν
344 1039 604 1108 εὐπορεῖν
644 1037 869 1108 ἑλοίμην
908 1038 979 1092 ἂν
1017 1039 1050 1108 ἢ
1090 1041 1162 1109 μὴ
1202 1049 1387 1093 νοσῶν
1426 1039 1669 1109 ἀπορεῖν.
1716 1041 1818 1108 τὴν

120 1125 220 1195 μὲν
259 1130 364 1197 γὰρ
408 1129 574 1181 νόσον
613 1127 826 1181 δύναιτ’
864 1127 934 1181 ἂν
974 1128 1222 1199 ἐλαφρὰν
1261 1139 1444 1182 ποιεῖν
1475 1129 1535 1181 τὸ
1568 1132 1817 1198 χρυσίον,

121 1217 150 1270 6
192 1216 242 1270 δ’
287 1217 558 1286 ὑγιαίνων
597 1216 657 1270 ἐν
703 1220 866 1287 πενίᾳ
914 1217 1091 1271 στένει
1137 1227 1248 1271 τῶν
1296 1217 1598 1287 ἀρρώστων
1647 1217 1817 1271 πλέον

120 1305 211 1359 καὶ
261 1305 294 1374 ἡ
349 1314 446 1375 τῆς
497 1306 685 1374 ὑγείας
739 1305 895 1376 χάρις
948 1314 1014 1377 τῇ
1067 1317 1180 1360 τῶν
1233 1307 1524 1378 χρημάτων
1578 1307 1817 1378 ἀπουσίᾳ

123 1395 525 1464 διαφθείρεται.
587 1395 756 1447 πάλιν
816 1397 946 1458 τοὺς
1006 1397 1205 1458 παῖδας
1267 1395 1528 1465 εὐξαίμην
1589 1395 1659 1448 ἂν
1722 1399 1817 1465 ζῆν

122 1485 302 1536 ὄντων
347 1483 479 1551 ἡμῖν
525 1483 840 1553 χρημάτων,
888 1486 936 1537 εἰ
984 1483 1031 1536 δ’
1078 1484 1110 1553 ἡ
1159 1485 1306 1553 Τύχη
1354 1485 1596 1552 θάτερον
1642 1483 1815 1553 νέμοι,

122 1571 400 1641 βούλεσθέ
450 1592 514 1641 με
570 1574 745 1625 εἰπεῖν
799 1572 831 1625 ἃ
885 1582 1099 1643 φρονῶ;
1160 1575 1222 1626 τὸ
1284 1578 1548 1627 πλουτεῖν
1601 1574 1818 1627 παίδων

122 1662 223 1714 οὐκ
270 1662 448 1714 ὄντων
495 1668 595 1714 τοῦ
641 1660 914 1715 πένεσθαι
958 1663 1092 1729 μετὰ
1136 1663 1353 1715 παίδων
1404 1663 1815 1733 προτιμότερον.

119 1753 177 1803 τί
212 1752 316 1820 γὰρ
357 1752 442 1803 δεῖ
488 1749 790 1818 βλέποντας
830 1752 908 1813 εἰς
954 1737 1226 1819 ἀλλήλους’
1267 1751 1546 1819 δακρύειν,
1586 1750 1615 1804 ὃ
1654 1754 1816 1804 πενία

120 1847 303 1892 ποιεῖν
348 1837 586 1907 πέφυκε;
648 1839 734 1892 32.
774 1840 864 1892 καὶ
912 1848 1018 1893 νῦν
1066 1842 1117 1892 εί
1158 1840 1261 1907 μὲν
1307 1840 1492 1903 οὐδείς
1542 1859 1608 1908 με
1648 1837 1817 1893 οὐδὲν

122 1927 397 1997 ἀφῄρηται
450 1936 561 1980 τῶν
617 1927 786 1997 ἐμῶν,
842 1928 981 1982 ἀλλὰ
1026 1927 1179 1997 μένει
1228 1927 1331 1996 μέν
1375 1949 1470 1996 μοι
1515 1929 1576 1982 τὸ
1624 1930 1816 1991 πόνοις

122 2014 572 2084 συνειλεγμένον,
627 2015 779 2086 μένει
831 2017 892 2070 δὲ
945 2018 1006 2070 τὸ
1061 2018 1210 2087 παρὰ
1262 2027 1374 2070 τῶν
1426 2022 1587 2070 θεῶν·
1625 2016 1816 2084 δοθέν,

242 2153 263 2190 1
301 2146 495 2191 ἕκαστον
519 2147 596 2191 La
628 2147 707 2191 sed
741 2164 793 2199 ος
823 2162 964 2204 supra.
995 2164 1051 2191 ον
1075 2163 1113 2205 p
1248 2153 1273 2191 2
1306 2147 1618 2204 ἀνιαρότατον
1651 2148 1816 2204 scripsi

119 2209 174 2250 ut
212 2206 318 2250 coni
347 2206 416 2249 Re
492 2207 814 2260 ἀνιαρώτατον
839 2207 1143 2253 LPaGlVaB
1184 2207 1275 2251 edd
1353 2205 1658 2262 ἀνιαρότερον
1686 2208 1763 2251 La
1806 2207 1812 2266 Ι

122 2265 147 2310 ὅ
176 2282 219 2310 τι
245 2266 499 2311 PaOlLaB
539 2265 631 2309 edd
689 2268 695 2322 Ι
755 2265 778 2310 ὃ
806 2268 880 2311 Ρα
918 2266 1020 2310 Mor
1059 2267 1126 2311 Re
1271 2271 1296 2310 3
1333 2273 1415 2310 τοῦ
1449 2280 1525 2310 om
1557 2267 1674 2311 VaB

122 2330 149 2368 4
182 2326 306 2384 αὐτῷ
334 2325 386 2370 Ol
416 2324 520 2368 Mor
596 2324 718 2384 αὑτῷ
744 2327 819 2369 Ρα
964 2330 989 2369 5
1023 2324 1081 2369 τὰ
1114 2340 1189 2369 om
1217 2326 1268 2371 Ol
1412 2330 1437 2368 6
1470 2327 1739 2382 διαμαρτῶν
1766 2326 1817 2370 Ol

244 2389 266 2427 7
309 2384 476 2429 τούτου
501 2383 545 2427 L
575 2384 688 2428 Ferr
831 2389 856 2428 8
895 2383 1018 2442 τάμὰ
1043 2386 1118 2429 Ρα
1157 2387 1204 2429 et
1236 2401 1290 2442 γρ
1330 2385 1379 2428 in
1410 2399 1546 2442 marg
1577 2385 1678 2458 Mor

1605 2461 1631 2487 ν

122 2505 148 2545 9
181 2502 231 2546 δὲ
257 2502 348 2546 LB
384 2503 390 2558 Ι
426 2499 496 2557 εἴη
530 2516 605 2546 om
629 2503 706 2546 La
738 2504 746 2556 Ι
781 2501 997 2559 γίνεσθαι
1023 2504 1097 2547 Ρα
1127 2502 1229 2547 Mor
1259 2503 1327 2547 Re
1451 2507 1504 2546 10
1536 2461 1600 2559 ἕξ
1624 2503 1677 2548 C'l
1714 2503 1719 2560 Ι
1756 2502 1815 2559 μὴ

121 2561 338 2616 εὐπορεῖν
369 2561 440 2605 Va
472 2561 553 2604 sed
585 2578 640 2617 γρ
673 2561 869 2616 ἀπορεῖν
902 2575 1119 2617 suprascr
1150 2561 1221 2605 m²
1366 2567 1419 2606 13
1452 2560 1587 2618 ’ὑγίας
1611 2563 1686 2605 La

123 2625 177 2663 15
211 2620 319 2677 ἡμῖν
351 2634 425 2664 om
452 2621 525 2664 Pa
555 2619 657 2663 Mor
686 2620 754 2664 Re
782 2624 788 2677 Ι
817 2620 868 2665 δὲ
895 2620 1024 2665 OlLa
1051 2623 1057 2677 Ι
1085 2620 1114 2677 ἡ
1147 2635 1223 2664 om
1249 2622 1302 2666 ΟΖ
1328 2623 1334 2678 Ι
1362 2620 1492 2677 νέμοι
1525 2621 1690 2678 scripsi
1715 2634 1739 2664 e
1767 2621 1818 2665 Cl

122 2680 245 2723 LaB
307 2677 433 2735 νέμει
458 2679 581 2723 LVa
611 2678 722 2723 Ferr
753 2680 821 2723 Re
883 2681 1079 2724 διδοῦσα
1105 2681 1177 2724 Ρα
1209 2680 1311 2725 Mor
1433 2685 1487 2723 16
1520 2680 1668 2724 εἰπεῖν
1700 2695 1754 2735 με
1787 2678 1817 2722 ἃ

123 2745 284 2793 φρονῶ
317 2738 528 2796 βούλοιτο
555 2739 628 2782 Ρα
659 2738 761 2782 Mor
787 2740 794 2795 Ι
822 2738 1015 2795 ἀφρονῶ
1043 2740 1095 2784 ΟΖ
1121 2741 1127 2795 Ι
1154 2737 1339 2783 παίδων
1370 2739 1420 2782 in
1444 2753 1578 2796 marg
1609 2738 1701 2783 Va²

124 2802 176 2840 17
210 2805 302 2841 τῶν
334 2798 445 2840 ante
476 2793 661 2842 παίδων
686 2799 762 2842 La
885 2801 939 2841 18
971 2797 1060 2854 γὰρ
1093 2812 1167 2842 om
1194 2798 1248 2842 Ol
1274 2801 1280 2853 Ι
1310 2796 1333 2842 ὃ
1359 2812 1433 2842 om
1459 2799 1533 2842 La
1654 2802 1709 2840 20
1741 2813 1818 2852 μοι

124 2869 199 2899 om
223 2857 298 2900 Pa
328 2856 431 2900 Mor
461 2855 528 2899 Re
563 2857 570 2912 Ι
597 2858 782 2908 πολλοῖς
814 2858 924 2900 ante
955 2854 1122 2907 πόνοις
1144 2859 1218 2902 Ρα
1242 2857 1344 2901 Mor
1373 2857 1441 2900 Re
1564 2861 1617 2900 21
1651 2855 1817 2899 ταλάν-

124 2930 216 2957 των
249 2915 356 2970 post
391 2914 738 2972 συνειλεγμένον
771 2916 840 2960 Va

1843 1061 1886 1093 10

1841 1505 1884 1538 15

1840 1951 1883 1982 80
