2044 3168
265 120 374 172 354
709 117 974 178 [LIBANII]
1005 117 1396 163 DECLAMATIO
1430 118 1506 162 XL

262 256 534 325 τυχούσης
585 255 957 325 τιμησάμενον
1015 255 1194 323 δίκης,
1255 253 1376 324 ἐμοὶ
1436 252 1538 321 μὲν
1598 262 1761 308 τοῦτο
1823 255 1951 308 οὔτε

261 347 531 415 πρότερον
581 342 733 416 ἐπῄει
780 345 1137 412 λογίσασθαι,
1184 342 1299 396 ἀλλ’
1349 343 1481 397 οὐδὲ
1527 350 1635 396 νῦν
1681 346 1783 413 ἔχω
1824 344 1950 408 ξυν-

261 444 399 501 ορᾶν
440 433 585 496 ὅπως
625 432 766 486 οὕτω
807 453 859 486 τι
892 431 1029 501 μέγα
1068 430 1159 485 καὶ
1199 432 1387 485 δεινὸν
1419 428 1607 501 αἶσχος
1649 431 1842 503 ἑτέρως
1880 434 1949 488 ἄν

259 543 342 585 τις
388 520 731 591 ἐνθυμηθεὶς
777 521 1156 591 ἀποτρίψαιτο.
1226 520 1314 574 58.
1355 522 1402 574 εἰ
1450 518 1510 574 δὲ
1558 529 1664 574 νῦν
1709 522 1738 575 ὁ
1788 526 1948 593 κατή-

214 634 234 666 5
259 632 424 682 γορος
464 609 665 680 ξυνῆκέ
699 631 751 663 τι
803 611 1146 680 σοφώτερον,
1195 609 1300 678 ἐγὼ
1346 609 1449 679 μὲν
1495 608 1841 679 ξυγγνωστὸς
1878 611 1948 666 ἂν

259 705 377 770 εἴην
416 701 489 763 ὡς
527 699 583 762 ἐς
622 707 888 753 τοσοῦτον
927 706 1099 751 κακοῦ
1139 697 1374 767 μέγεθος
1414 696 1572 762 ἀξίαν
1611 701 1700 753 καὶ
1732 702 1832 770 τὴν
1864 721 1947 754 το-

255 790 365 858 μὴν
405 788 778 859 ε’φευραμενος
816 787 904 841 καὶ
945 795 1107 841 τοῦτο
1149 788 1323 855 μόνον
1368 788 1428 841 τὸ
1476 789 1576 856 τὴν
1617 787 1945 843 ἐπιπονωτέ-

256 898 362 948 ραν
388 883 516 941 ἴσως
540 876 846 947 τραπέσθαι
879 878 1196 941 κακίζεσθαι
1229 877 1439 938 δίκαιος
1462 878 1553 930 καὶ
1585 878 1694 947 ἅμα
1727 879 1946 949 ἄνθρω·

255 985 357 1030 πος
394 968 455 1020 τὸ
496 969 639 1020 πολὺ
679 974 778 1019 τοῦ
819 974 1073 1037 φρονεῖν,
1121 969 1332 1035 μᾶλλον
1378 962 1437 1018 δὲ
1485 967 1544 1019 τὸ
1585 975 1695 1020 πᾶν
1734 963 1945 1039 ἀφῃρη-

189 1081 231 1112 10
255 1055 419 1126 μένος
465 1049 548 1118 οἷς
587 1056 615 1109 ὁ
663 1057 845 1125 θυμὸς
893 1056 1024 1125 μετὰ
1069 1056 1293 1124 βαρείας
1340 1054 1483 1108 οὕτω
1531 1075 1617 1108 τοι
1663 1063 1758 1124 τῆς
1805 1055 1944 1109 ἀθυ-

254 1147 379 1215 μίας
417 1147 591 1208 πολὺς
629 1147 764 1198 κατὰ
803 1145 1038 1212 καρδίαν
1070 1142 1353 1213 ἐπιχυθεὶς
1385 1144 1517 1197 ὅλον
1547 1165 1642 1212 μοι
1673 1146 1774 1198 τὸν
1804 1153 1962 1210 νοῦν>

255 1237 664 1288 συνεθόλωσεν·
717 1233 745 1287 ὁ
786 1233 834 1286 δ’
881 1227 965 1296 οἷς
1004 1234 1071 1287 οὐ
1111 1235 1249 1302 πρὸς
1288 1233 1607 1302 ξυμβουλὴν
1645 1237 1810 1287 τοῦτό
1849 1255 1942 1304 μοι

252 1325 312 1377 τὸ
355 1325 534 1393 σοφὸν
574 1322 761 1393 φέρων
798 1321 1067 1391 κατέθηκε
1105 1325 1400 1392 πρότερον,
1447 1323 1685 1391 εὐλόγως
1723 1324 1815 1393 ἄν,
1863 1318 1943 1378 οἷ-

252 1433 366 1482 μαι,
406 1414 679 1481 νομίζοιτο
718 1422 830 1465 τῶν
869 1411 1126 1464 ἁπάντων
1165 1411 1388 1477 ἀνδρῶν
1426 1411 1454 1464 ὁ
1496 1414 1813 1476 σκαιότατος
1851 1411 1941 1466 καὶ

186 1523 228 1558 15
251 1511 367 1565 τοῖς
412 1511 522 1556 τῶν
568 1505 810 1555 πολιτῶν
856 1499 1097 1571 ἑλλοχῶν
1143 1509 1332 1564 κακοῖς
1377 1502 1466 1554 καὶ
1512 1509 1676 1555 τοῦτο
1723 1509 1818 1571 τῆς
1856 1500 1941 1555 ἐκ-

250 1593 476 1660 κλησίας
514 1591 908 1661 καρπούμενος.

361 1679 447 1733 59.
486 1682 559 1733 Εἰ
599 1677 660 1733 δὲ
697 1681 788 1733 καὶ
827 1680 1143 1750 βαθύτερον
1180 1699 1232 1732 τι
1273 1680 1672 1749 διαλογιεῖσθε,
1723 1679 1942 1748 γνοίητ’

250 1768 321 1822 ἂν
360 1770 433 1832 ὡς
469 1768 656 1839 μέχρις
694 1769 764 1823 ἂν
803 1767 890 1822 ε’πὶ
930 1777 1025 1837 τῆς
1063 1771 1272 1831 πόλεως
1312 1765 1462 1838 εἶχον
1502 1768 1700 1822 ἐκεῖνοι
1738 1771 1804 1822 τὰ
1835 1770 1939 1823 σώ-

247 1879 407 1927 ματα,
446 1857 536 1912 καὶ
574 1859 635 1912 τὸ
676 1853 866 1927 αἶσχος
905 1858 1134 1928 ἐπήνθει
1173 1856 1263 1910 καὶ
1302 1858 1364 1910 τὸ
1416 1858 1585 1910 κακὸν
1624 1855 1937 1926 ἐπεκώμαζε.

183 1970 225 2002 20
248 1951 459 2016 μᾶλλον
496 1945 598 2014 μὲν
637 1943 742 2000 οὖν
782 1947 884 2007 οὐκ
923 1945 1044 2000 ἔσθ’
1092 1948 1238 2010 ὅπως
1277 1947 1347 2015 μὴ
1388 1944 1479 1999 καὶ
1518 1947 1579 1999 τὸ
1620 1954 1715 2015 τῆς
1755 1949 1938 2017 φήμης

160 2042 280 2086 RIV
298 2047 383 2086 604
429 2038 633 2107 πτερὸν
685 2038 821 2106 ταχὺ
876 2038 1186 2106 φερόμενον
1239 2036 1338 2104 τὴν
1390 2036 1558 2104 ὕβριν
1606 2034 1612 2107 Ι
1655 2035 1935 2106 ἁπανταχῆ

250 2126 554 2194 ὃιεσύριττε
591 2124 683 2178 καὶ
726 2126 943 2189 ζώντων
982 2125 1052 2178 ἂν
1089 2125 1155 2178 τὰ
1201 2132 1295 2193 τῆς
1342 2125 1605 2193 αἰσχύνης
1644 2123 1838 2193 συνέζη
1877 2143 1935 2177 τε

246 2214 463 2277 πάντως
499 2215 590 2267 καὶ
630 2213 943 2283 συνηύξετο.
1014 2213 1100 2267 60.
1140 2214 1232 2266 καί
1267 2231 1375 2266 που
1415 2211 1504 2265 καὶ
1543 2215 1716 2275 πολὺς
1753 2220 1934 2265 τοιοῦ-

317 2403 524 2508 231121ἓῇ
556 2406 589 2448 t.
615 2404 656 2447 H
681 2409 824 2459 3623
970 2408 1024 2447 15
1070 2403 1273 2460 Alciphr.
1306 2403 1347 2446 II
1379 2407 1405 2445 3
1549 2408 1604 2446 22
1649 2402 1803 2459 Sopat.
1837 2402 1866 2446 l.
1901 2403 1929 2446 l.

247 2478 290 2520 P·
406 2498 417 2519 2

366 2645 390 2684 3
422 2639 468 2685 τί
500 2642 568 2686 Va
594 2642 600 2697 Ι
629 2638 791 2695 ἑτέρως
816 2640 870 2684 ΟΖ
900 2641 981 2683 sed
1014 2657 1075 2692 ως
1104 2640 1153 2683 in
1185 2654 1260 2684 ras
1292 2640 1362 2683 m⁸
1481 2644 1506 2682 5
1540 2643 1708 2694 συνῆκε
1739 2640 1827 2683 Ma
1854 2639 1860 2695 Ι
1887 2636 1931 2682 τί

249 2700 539 2745 MaolViVa
682 2703 706 2741 6
746 2702 936 2743 τοσοῦτο
967 2700 1116 2744 Mace
1187 2699 1409 2744 τοσούτου
1441 2698 1502 2743 Vi
1642 2701 1666 2740 7
1705 2704 1840 2741 τοῦτο
1879 2697 1929 2740 in

245 2759 390 2802 τούτω
422 2762 470 2803 et
500 2756 551 2803 τὸ
583 2758 634 2802 in
663 2765 724 2801 τῶ
756 2771 857 2801 corr
884 2760 972 2803 Ma
1115 2762 1169 2802 10
1209 2759 1391 2814 „malim
1421 2759 1489 2800 τι“
1525 2757 1592 2800 Re
1738 2761 1789 2800 11
1831 2756 1928 2801 ἐπι-

245 2819 409 2875 χυθεὶς
439 2818 603 2874 scripsi
634 2819 822 2861 auctore
852 2817 919 2861 Re
996 2818 1258 2875 ἐπισχεθεὶς
1287 2817 1397 2860 libri
1429 2816 1520 2861 edd
1667 2820 1718 2858 12
1752 2813 1776 2859 ὅ
1809 2812 1857 2858 δ’
1884 2815 1928 2859 L

245 2877 356 2920 Ferr
385 2877 487 2920 Mor
549 2876 572 2920 ὃ
605 2873 653 2920 δ’
682 2876 1016 2921 PaManViB
1047 2877 1116 2920 Re
1245 2881 1299 2920 15
1330 2883 1421 2920 τῶν
1454 2889 1528 2918 om
1563 2876 1634 2937 Vq
1761 2878 1815 2916 20
1846 2874 1928 2918 τὸν

255 2935 312 2980 Vi
430 2941 485 2980 22
517 2935 574 2979 τὰ
603 2941 687 2991 τῆς
717 2935 937 2992 αἰσχύνης
969 2949 1042 2979 om
1067 2937 1113 2980 B
1140 2937 1146 2988 Ι
1173 2951 1221 2979 τε
1252 2949 1327 2978 om
1352 2936 1396 2978 B
