2044 3168
234 116 297 168 17
304 115 336 168 6
815 113 1105 160 GREGORII
1135 113 1338 159 CYPRH

231 251 449 319 σφόδρα
497 248 585 303 ἐπὶ
631 251 847 314 τούτοις
891 251 1386 318 καλλωπισάμενος.
1443 250 1548 319 ἐγὼ
1604 249 1666 305 δὲ
1719 255 1923 324 βραχέα

232 338 471 392 ἐπειπὼν
523 342 912 408 καταβήσομαι.
981 347 1080 393 τοῦ
1135 347 1277 409 γοῦν
1338 339 1585 410 ἀρχῆθέν
1645 361 1740 408 μοι
1793 345 1922 411 βίου

231 427 387 498 μέχρι
440 438 551 481 τῶν
605 436 712 482 νῦν
765 428 984 499 ἡμερῶν
1037 429 1182 483 οὕτω
1241 430 1334 483 διὰ
1386 429 1592 493 παντὸς
1646 429 1922 499 ἀγομένου

230 513 344 570 ἔδει
381 537 442 584 γε
480 525 596 580 τοῖς
634 519 965 580 τελευταίοις
999 516 1246 571 τουτοισὶ
1284 524 1645 588 καταισχῦναι
1683 517 1775 571 καὶ
1810 529 1922 572 πᾶν

187 627 206 659 ⁵
230 606 363 674 ἡμῖν
403 606 432 659 ὅ
468 626 521 658 τι
559 607 731 660 καλὸν
769 604 984 674 ἐλέγετο
1032 606 1301 676 ἀφανίσαι
1347 607 1449 675 τὴν
1494 611 1923 678 μισανθρωπιάν

230 695 408 766 τούτῳ
461 696 642 765 ὥσπερ
697 697 893 748 κονίαν
946 694 1316 763 ἐπαγαγόντα,
1379 695 1516 749 ἀλλὰ
1577 697 1650 765 μὴ
1710 699 1923 766 μᾶλλον

231 782 542 838 ἐπιδιδόναι
588 785 679 837 καὶ
727 782 854 854 περὶ
892 785 991 837 τὸν
1028 783 1234 853 πατέρα
1272 781 1352 838 ἔτι
1391 793 1637 854 φανῆναι
1682 784 1923 856 χρηστὸν

232 873 335 926 οὐκ
366 874 452 941 ἄν,
486 874 559 936 ὡς
591 874 702 926 ἔδει
734 893 813 942 γε,
846 879 990 927 εἴποι
1017 874 1338 942 ἀνθρώπων
1370 874 1566 937 οὐδείς.
1607 873 1639 943 ἢ
1666 877 1832 944 σχολῇ
1865 871 1915 942 γ’

232 961 301 1014 ἂν
348 963 494 1035 ἄλλῳ
541 983 615 1034 τῳ
663 961 910 1016 ἐνδέοντι
955 964 1338 1032 κατεφάνημεν
1391 965 1463 1033 μὴ
1518 970 1592 1036 τῷ
1645 961 1811 1030 πατρὶ
1863 961 1923 1016 ἐκ

166 1072 209 1104 10
231 1060 343 1104 τῶν
397 1052 653 1105 δυνατῶν
707 1050 1122 1122 ἐπαρκέσαντες;
1185 1052 1269 1104 67.
1323 1060 1624 1122 τοιγαροῦν
1684 1053 1775 1105 καὶ
1827 1059 1924 1120 τῆς

231 1141 416 1210 χρείας
462 1140 726 1210 ἐνστάσης
772 1140 1058 1210 ἐμνήσθην
1102 1149 1199 1210 τῆς
1251 1140 1452 1206 τάξεως
1496 1142 1588 1195 καὶ
1641 1142 1742 1210 τὴν
1796 1140 1923 1194 ἀκο-

233 1232 473 1283 λουθίαν
516 1227 874 1298 ἐπεδειξάμην
911 1231 1084 1298 καλὴν
1132 1229 1404 1299 ἐπιθήκην
1449 1238 1565 1293 τοῖς
1609 1228 1735 1300 περὶ
1786 1228 1922 1298 ἐμοῦ

233 1321 419 1386 λόγοις
448 1320 614 1385 τήνδε
645 1319 747 1387 τὴν
777 1316 979 1388 πρᾶξιν
1008 1320 1376 1389 παρεσχηκώς.
1413 1317 1529 1372 ἀλλ’
1562 1319 1635 1382 ὡς
1666 1318 1923 1386 διετέθην

235 1407 355 1479 [τω]
382 1409 504 1460 τότε
535 1406 627 1460 καὶ
658 1405 791 1478 τῷδ’
827 1406 1189 1461 ἐκινδύνευον
1218 1410 1620 1477 παραπλήσιον,
1645 1409 1742 1475 ἄγε
1769 1407 1922 1461 κάλει

167 1515 208 1548 15
233 1517 326 1563 μοι
372 1498 503 1559 τοὺς
550 1498 627 1559 εἰς
671 1497 773 1565 τὴν
819 1497 1002 1549 οἰκίαν
1054 1498 1175 1549 τότε
1228 1498 1561 1564 θαμίζοντας
1613 1504 1776 1550 τοῦτο
1821 1492 1923 1563 μὲν

234 1584 698 1653 ἐπισκεψομένους
736 1586 915 1655 τόνδε,
951 1592 1115 1638 τοῦτο
1156 1582 1217 1638 δὲ
1256 1585 1345 1639 καὶ
1376 1587 1508 1648 τοὺς
1544 1587 1923 1656 προσήκοντας

232 1674 373 1744 ἡμᾶς
432 1673 1031 1744 παραμυθησομένους,
1093 1675 1166 1738 ὡς
1226 1675 1296 1728 ἂν
1358 1674 1515 1728 αὐτοὶ
1580 1673 1924 1743 σαφέστερον

234 1768 480 1832 εἴπωσιν,
531 1764 589 1817 οἵ
624 1761 676 1833 μ’
724 1762 911 1832 ἐπειδὴ
961 1763 1135 1827 οὕτως
1188 1763 1399 1826 ἀθλίως
1451 1761 1642 1832 ἔχονθ’
1686 1762 1923 1833 ὁρῶντες

233 1853 409 1906 πολλὰ
462 1855 651 1921 λήγειν
702 1851 951 1915 πένθους
1002 1850 1308 1923 παρῄνουν,
1363 1849 1405 1905 ὦ
1459 1851 1780 1920 βέλτιστε,
1838 1850 1922 1904 λέ-

166 1960 210 1993 20
233 1960 447 2008 γοντες,
502 1942 759 2010 σφόδρα
812 1943 961 2012 γίνῃ
1015 1949 1125 2010 τῆς
1179 1942 1396 2010 λύπης.
1455 1939 1761 2010 τεθνήξῃ,
1817 1954 1923 1992 σα-

234 2039 367 2099 φῶς
429 2030 597 2097 ἴσθι,
658 2031 779 2100 πρὸ
841 2038 955 2083 τοῦ
1023 2032 1277 2099 πατρός.
1341 2028 1471 2082 ἀλλ’
1540 2030 1655 2097 οὐχ
1719 2029 1922 2091 οὕτως

234 2119 583 2188 αὐτόχειρα
623 2118 858 2172 ἑαυτοῦ
906 2120 1078 2181 εἰκὸς
1124 2122 1515 2188 χρηματίσαι
1561 2119 1640 2186 μὴ
1681 2119 1794 2171 τὸν
1834 2119 1921 2171 εί-

234 2207 568 2276 μαρμένον
628 2206 1072 2276 ἀναμείναντα
1133 2208 1442 2260 θάνατον.
1510 2205 1660 2259 ταῦτ’
1729 2204 1921 2275 ἔλεγον

235 2295 453 2363 ἐκεῖνοι,
484 2298 715 2348 ἔπειθον
746 2296 808 2348 δὲ
839 2296 1107 2362 οὐδαμῶς.
1156 2295 1242 2349 68.
1274 2303 1436 2349 τοῦτο
1470 2293 1518 2348 δ’
1558 2294 1678 2362 ἐμοὶ
1709 2298 1765 2348 τί
1792 2295 1922 2348 ποτ’

169 2404 211 2436 25
237 2384 369 2436 ἄλλο
409 2403 471 2450 γε
509 2381 579 2452 ἧν
618 2383 651 2452 ἢ
692 2387 787 2452 ζῆν
842 2383 1060 2438 ἐθέλειν
1113 2386 1246 2451 μετὰ
1298 2393 1397 2437 τοῦ
1451 2385 1658 2452 πατρὸς
1702 2383 1734 2451 ἢ
1784 2384 1921 2452 μηδὲ

236 2476 331 2540 ζῆν
385 2472 624 2539 ἀγαπᾶν;
684 2473 777 2525 διὰ
829 2480 994 2525 τοῦτο
1050 2474 1141 2526 καὶ
1196 2473 1425 2535 οὐδενὸς
1482 2471 1749 2540 ἐτόλμησα
1802 2473 1918 2540 φεί-

236 2566 443 2613 σασθαι
481 2569 593 2613 τῶν
633 2561 710 2623 εἰς
749 2558 854 2629 ἐμέ.
894 2561 984 2613 καὶ
1017 2559 1334 2614 ἐκινδύνευε
1364 2560 1465 2628 μὲν
1497 2559 1525 2613 ὁ
1556 2563 1750 2630 πατήρ,
1792 2560 1920 2613 ἐθα-

235 2649 418 2701 νάτων
459 2645 505 2700 δ’
554 2648 657 2716 ἐγὼ
704 2648 795 2701 καὶ
833 2649 1063 2717 ἠγάπων
1100 2649 1451 2719 προαρπάσαι
1489 2650 1588 2701 τὸν
1636 2650 1919 2702 κίνδυνον.

354 2755 379 2794 3
405 2750 664 2794 διαπαντὸσ
680 2750 776 2794 LV
891 2754 919 2791 4
943 2750 1250 2808 καταισχύναι
1266 2750 1364 2795 LV
1479 2754 1504 2792 8
1530 2744 1558 2806 ἦ
1579 2750 1623 2794 V
1738 2754 1791 2792 12
1818 2749 1920 2793 ἐπε-

236 2807 447 2866 δείξαμεν
469 2811 512 2854 L
634 2813 687 2852 14
719 2825 781 2867 τῳ
814 2808 1069 2853 cancellavi
1096 2812 1102 2866 Ι
1129 2808 1429 2864 παραπλήσια
1452 2809 1496 2853 L
1619 2813 1671 2851 19
1704 2808 1851 2863 λέγειν
1876 2807 1920 2850 L

241 2871 245 2922 1
280 2869 497 2925 λέγοντασ
530 2870 573 2913 V
710 2872 765 2911 20
797 2866 1021 2924 τεθναίης
1051 2868 1095 2911 V
1122 2870 1169 2912 et
1199 2885 1253 2924 γρ
1292 2868 1342 2911 in
1373 2881 1507 2925 marg
1530 2868 1574 2912 L
1623 2870 1630 2923 Ι
1680 2864 1728 2912 εὖ
1765 2868 1808 2911 V

237 2932 290 2970 26
325 2931 540 2972 διατοῦτο
566 2929 608 2971 L
628 2928 664 2971 V
