2014 3158
376 93 494 138 PRO
525 93 797 138 MULIERE
829 92 1254 139 TYRANNICIDA
1284 93 1523 139 ΡΕΤΙΤΙΟ
1691 94 1799 146 471

109 232 239 299 γόν.
286 232 568 293 πολλοὺς
607 240 734 283 τῶν
773 229 989 283 αὐτῶν
1027 229 1318 296 αἱμάτων
1356 228 1612 299 ᾔμαξας.
1652 230 1805 283 οὐκ·

100 326 230 372 οῦν
261 317 461 388 δέχου
508 316 613 371 καὶ
661 321 738 372 σὺ
779 319 940 389 πρὸς
977 325 1086 386 τῆς
1127 319 1443 385 γυναικὸς
1481 320 1597 387 τὴν
1644 333 1806 387 σφα-

110 410 244 476 γήν.
283 409 591 476 παρεῖδες
628 409 781 470 τοὺς
816 405 1062 470 ἔξωθεν
1093 409 1337 474 νόμους
1369 409 1520 470 τοὺς
1554 407 1621 460 ἐν
1652 408 1806 478 κύρ-

107 500 276 564 βεσι,
344 499 497 559 τοὺς
566 495 654 549 ἐπ’
729 495 996 565 ἀγορᾶς,
1066 497 1220 557 τοὺς
1292 494 1378 547 ἐπ’
1458 495 1805 565 ἐκκλησίας

107 585 453 653 γραπτούς.
493 585 740 638 οὐκοῦν
778 582 900 652 ἐγώ
941 598 1007 637 σε
1059 584 1164 636 καὶ
1210 588 1402 637 τοῦτο
1442 588 1805 653 μιμήσομαι
1852 606 1873 640 ι

106 673 213 727 καὶ
269 677 421 737 τοὺς
473 671 754 727 ἔνδοθεν
807 669 1051 740 νόμους
1114 672 1227 735 οὓς
1286 683 1427 735 ταῖς
1480 682 1718 742 ψυχαῖς
1771 674 1803 742 ἡ

108 765 306 830 φύσις
351 761 669 830 ἐνέγραψε
715 763 871 831 μετὰ
925 760 1030 814 καὶ
1085 769 1197 829 τῆς
1244 770 1360 830 σῆς
1406 763 1806 830 τυραννίδος

105 853 538 920 τροπώσομαι.
605 850 689 903 70.
728 858 899 903 ταῦτα
936 851 1019 913 τίς
1058 850 1125 903 οὐ
1167 851 1409 919 ζηλώσει,
1453 852 1535 913 τίς
1576 851 1678 903 οὐκ
1717 851 1805 904 εὐ-

105 941 433 1010 δαιμονίσει,
471 942 556 1002 τίς
595 940 661 992 οὐ
702 940 1073 1006 commissum
1111 948 1271 1002 ποῖος
1311 937 1371 992 δὲ
1409 940 1673 1008 τοιαύτην
1711 960 1804 1008 γυ-

104 1038 270 1082 ναῖκα
308 1030 370 1082 τὸ
409 1033 712 1098 κεκλῆσθαι
751 1027 957 1099 μητέρα
996 1030 1221 1092 δικαίως
1269 1030 1803 1098 προσαφαιρήσεται;
1830 1051 1871 1083 ιο

104 1117 194 1171 ἐπὶ
233 1127 517 1186 γυναικῶν
556 1124 705 1188 φορᾷ
744 1116 835 1170 καὶ
874 1119 940 1170 τὰ
979 1126 1092 1171 τῶν
1132 1119 1416 1171 Λακώνων
1458 1118 1803 1186 σεμνύνεται,

103 1205 243 1259 ἀλλὰ
280 1205 439 1276 μέχρι
478 1215 574 1276 τῆς
611 1209 869 1274 γενναίας
907 1207 1109 1274 ταύτης
1155 1205 1247 1260 καὶ
1288 1207 1667 1275 φιλοπόλιδος.
1715 1206 1805 1275 μέ-

105 1316 204 1364 γας
261 1296 683 1365 Θρασύβουλος,
726 1294 884 1367 [ἀλλ’
947 1295 1030 1349 ὅτι
1092 1297 1165 1365 μὴ
1226 1297 1619 1365 προσήκουσαν
1661 1299 1782 1343 RIV
1806 1304 1892 1344 816

103 1385 410 1451 τυραννίδα
454 1388 732 1438 κατέλυσε.
785 1387 960 1447 πολὺς
992 1383 1291 1454 “Ηρακλῆς,
1331 1383 1450 1438 ἀλλ’
1499 1384 1583 1438 ὅτι
1623 1389 1803 1454 θῆρας

105 1476 384 1543 φοβεροὺς
437 1470 539 1542 μὲν
594 1474 760 1542 ἰδεῖν,
816 1473 1234 1543 φοβερωτέρους
1295 1470 1356 1526 δὲ
1416 1475 1554 1543 πρὸς
1607 1481 1804 1542 πεῖραν
1829 1496 1870 1528 15

103 1561 362 1631 ἀνδρείας
400 1561 695 1615 ἀπέκτεινε.
734 1563 1054 1631 θαυμαστὸς
1093 1561 1121 1615 ὁ
1166 1563 1395 1631 Θησεύς,
1436 1559 1551 1615 ἀλλ’
1592 1562 1675 1615 ὅτι
1706 1562 1802 1624 τὰς

102 1650 270 1713 ὁδοὺς
322 1659 436 1704 τῶν
489 1653 869 1720 λῃστευόντων
916 1650 1203 1721 ἐκάθηρεν.
1259 1651 1292 1719 ἡ
1340 1651 1403 1704 δὲ
1447 1651 1613 1704 πόλιν
1667 1650 1803 1719 ὅλην

103 1740 212 1793 ὑπὸ
252 1740 508 1812 τυράννῳ
544 1749 894 1793 πεπτωκυῖαν
927 1739 1188 1808 ἀνέστησε
1220 1738 1310 1792 καὶ
1341 1740 1441 1793 τὸν
1472 1747 1571 1792 τοῦ
1605 1739 1802 1808 γένους

102 1829 330 1896 παρεῖδε
375 1829 588 1895 θεσμὸν
635 1829 726 1881 καὶ
772 1829 874 1897 τὴν
922 1826 981 1881 ἐκ
1029 1829 1250 1898 φύσεως
1297 1828 1603 1899 ἀνανδρίαν
1648 1847 1802 1881 κατε-

226 2023 249 2062 7
290 2018 412 2063 Plut.
446 2033 552 2063 cum
581 2018 728 2074 princ.
761 2018 932 2075 philos.
965 2018 1074 2062 diss.
1111 2033 1155 2075 p.
1185 2023 1268 2062 779
1286 2018 1323 2062 B
1470 2023 1521 2061 11
1565 2018 1800 2062 Archestr.

106 2079 230 2134 apud
246 2078 414 2123 Athen.
432 2078 518 2122 VH
532 2093 578 2134 p.
597 2082 682 2121 278
700 2091 725 2121 c
848 2082 902 2121 16
919 2077 1041 2122 Pluss.
1060 2077 1195 2122 Thes.
1216 2082 1239 2121 7
1259 2093 1325 2134 sq.
1453 2082 1505 2121 19
1524 2077 1580 2121 cf.
1599 2093 1645 2134 p.
1660 2082 1761 2132 440,
1773 2082 1798 2121 6

227 2261 249 2299 1
285 2255 335 2299 ἐκ
367 2257 475 2299 ante
506 2262 597 2299 τῶν
623 2256 708 2300 Mo
740 2255 807 2299 Re
884 2255 1035 2299 delevi
1178 2261 1204 2300 3
1241 2256 1430 2314 κύρβεσι
1461 2256 1628 2312 scripsi
1659 2269 1685 2300 e
1712 2257 1800 2300 Ma

108 2315 260 2360 OzVat
289 2328 394 2357 cum
424 2315 634 2359 Iacobsio
666 2315 778 2358 Lech
813 2313 956 2358 Schul
987 2316 1035 2359 cb
1067 2314 1249 2359 Sintcni
1310 2315 1469 2373 κύβεσι
1496 2317 1580 2360 Mo
1612 2315 1680 2358 Re

106 2379 134 2416 4
167 2371 241 2417 ἐπ’
278 2373 445 2430 scripsi
476 2389 500 2417 e
525 2374 770 2419 MaolVat
801 2387 904 2417 cum
938 2374 1118 2419 Sinteni
1180 2371 1264 2418 ἀπ’
1296 2376 1379 2419 Mo
1410 2374 1479 2418 Re
1514 2376 1520 2430 Ι
1555 2371 1632 2418 ἐπ’
1666 2387 1799 2430 repo-

106 2434 178 2476 sui
207 2446 232 2476 e
262 2433 396 2477 libris
458 2432 534 2477 ἐπὶ
565 2433 634 2477 Re
754 2437 780 2476 6
813 2432 952 2478 ἔνδον
976 2435 1065 2478 Μα
1187 2438 1210 2476 7
1245 2433 1484 2491 ἀνέγραψε
1510 2434 1564 2479 Ol
1589 2437 1596 2487 Ι
1625 2438 1705 2488 σῆς
1728 2433 1799 2476 in-

106 2492 230 2536 serui
254 2505 279 2535 e
299 2492 543 2537 MaCzVat
602 2506 678 2535 om
696 2493 780 2536 Mo
797 2492 864 2535 Rc
970 2497 996 2537 8
1015 2491 1339 2549 εὐδαιμονήσει
1359 2494 1447 2536 Vat
1554 2496 1608 2535 10
1631 2498 1692 2535 τῶ
1713 2492 1800 2536 Vat

228 2556 280 2595 11
306 2554 413 2607 post
430 2551 701 2608 σεμνύνεται
724 2564 905 2595 comma
928 2552 1065 2608 posui
1125 2551 1311 2609 signum
1334 2550 1713 2608 interrogationis
1730 2551 1799 2594 Rc

166 2624 241 2654 om
265 2609 376 2654 libri
499 2616 551 2653 12
584 2612 692 2666 post
716 2610 1017 2666 φιλοπόλιδος
1041 2613 1267 2667 punctum
1290 2610 1426 2667 posui
1459 2624 1564 2654 cum
1587 2609 1796 2654 Iacobsio

107 2669 251 2713 Schul
281 2671 328 2713 ct
357 2669 537 2713 Sinteni
599 2669 732 2713 colon
759 2669 843 2713 Mo
904 2683 979 2712 om
1006 2671 1249 2716 MaCzVat
1279 2670 1345 2712 Re
1491 2675 1545 2713 16
1577 2667 1799 2724 ἀνδρείας

107 2728 272 2784 scripsi
311 2743 335 2772 e
377 2729 523 2773 Maol
560 2742 665 2771 cum
703 2727 913 2772 Iacobsio
953 2728 1094 2772 Schul
1170 2727 1368 2784 ἀνδρίας
1411 2730 1499 2772 Vat
1573 2725 1799 2782 ἀνδρείως

109 2788 194 2831 Μο
225 2786 293 2830 Re
415 2792 468 2830 17
503 2787 761 2842 ἐκάθαιρεν
785 2787 930 2831 ΜαΟῑ
941 2789 1028 2833 Vat
1150 2793 1203 2832 18
1234 2787 1446 2845 τυράννῳ
1470 2786 1635 2843 scripsi
1660 2800 1685 2830 e
1711 2788 1800 2831 Ma

109 2846 261 2891 GlVat
334 2845 568 2901 τυράννου
595 2849 679 2891 Mo
711 2846 779 2889 Re
923 2851 975 2890 19
1010 2845 1274 2902 ἀνανδρίαν
1306 2846 1473 2902 scripsi
1504 2859 1530 2889 e
1556 2845 1800 2891 MaClVat

174 2902 399 2959 ἀνδρείαν
416 2906 501 2950 Mo
518 2906 587 2950 Re
648 2903 934 2960 ἀνανδρείαν
957 2905 1120 2950 Iacobs
1144 2907 1250 2963 App
1275 2906 1388 2949 Pors
1409 2910 1494 2948 329
1520 2905 1632 2948 Lcct
1656 2903 1798 2948 Schul
