2044 3168
16 0 68 357 l

0 1639 5 1686 -**·
0 1582 6 1621 *v-
0 1533 8 1566 νυ
0 1472 10 1514 ⁷.-
0 1293 18 1457 'asangm-qssg

507 116 728 160 DIVITIS
761 116 1068 160 ADULTERI
1100 115 1433 161 ACCUSATIO
1706 117 1815 170 263

119 258 251 320 apud
292 257 594 305 cardinalem
640 257 954 305 Nicolaum
995 257 1372 319 Rodulphum
1414 260 1509 319 est,
1547 259 1813 307 secundum

117 331 327 380 indicem
359 333 410 379 in
443 331 565 379 folio
599 332 657 379 6γ
689 333 928 393 scriptum
960 325 1321 396 continebat21)
1514 345 1517 347 ·

224 400 628 471 Ὀνειροκριτικὸν
660 402 804 470 ἀχμὲτ
839 402 845 468 Ι
880 403 1158 469 νικηφόρου
1190 413 1277 453 τοῦ
1302 405 1602 471 πατριάρχου
1628 402 1812 471 ὀνειρο-

116 479 332 546 κριτικὸν
366 475 373 542 Ι
409 479 629 549 μονῳδία
667 477 747 528 ἐπὶ
786 478 1019 528 ἰουλιανῶ
1058 486 1124 527 τῶ
1170 478 1491 543 αὐτοκράτορι
1525 475 1532 545 Ι
1567 477 1703 545 ἑτέρα
1733 479 1810 529 ἐπὶ

119 553 410 618 νικομηδεία
446 551 452 615 Ι
486 551 609 616 πρὸς
641 553 726 603 τὸν
759 551 1005 612 ὀδυσσέως
1036 551 1387 618 πρεσβευτικὸν
1411 551 1661 619 ἀντιλογία
1683 552 1811 619 ἀχιλ-

118 626 238 687 λέως
273 627 280 689 Ι
314 627 661 693 πρεσβευτικὸς
699 626 822 694 πρὸς
860 625 976 686 τοὺς
1014 634 1172 693 τρῶας
1211 624 1277 686 ὣς
1316 624 1413 675 ἀπὸ
1454 626 1544 690 μὲν
1576 628 1810 691 μενελάου

118 699 152 766 ἢ
185 698 431 760 ὀδυσσέως
466 696 472 769 Ι
508 700 676 765 μελέτη
709 698 844 765 ἡέπὶ
875 708 963 750 τοῦ
987 700 1097 766 περὶ
1128 709 1225 749 τῶν
1258 708 1440 765 μοιχῶν
1472 701 1648 765 νόμου,
1679 719 1812 751 nunc

115 774 444 825 Onirocritica
491 776 691 838 quidem
730 770 847 843 (fol.
883 777 1118 841 1—36)‚
1165 777 1250 823 sed
1298 775 1497 823 Libanii
1542 777 1668 824 nihil
1714 778 1811 839 nisi

114 851 524 899 declamationem
556 852 755 899 nomine
789 853 1003 898 auctoris
1042 852 1236 912 privam
1278 854 1328 897 et
1357 851 1629 911 posteriore
1659 867 1810 899 manu

115 923 357 983 ὑπόθεσις
388 930 662 989 στοχασμοῦ
693 925 982 987 inscriptam
1023 926 1261 973 servavit:
1301 923 1467 987 φήμη
1490 917 1579 988 ἦν
1616 930 1809 974 συνεῖ-

114 1017 212 1047 ναι
243 997 343 1047 τὸν
382 997 673 1047 πλούσιον
713 1006 778 1062 τῆ
819 1006 922 1047 τοῦ
961 997 1215 1062 πένητος
1253 998 1500 1063 γυναικί
1528 1002 1646 1048 κτλ.
1680 1016 1808 1061 quae

112 1089 267 1121 unum
310 1073 688 1135 quaternionem
720 1066 827 1139 (fol.
865 1067 1106 1140 37—44)
1145 1073 1336 1134 implet.
1349 1066 1392 1138 2)
1448 1072 1576 1129 Quid
1614 1074 1809 1136 reliqua

113 1147 294 1195 codicis
318 1149 459 1209 parte
490 1147 770 1195 Libaniana
801 1148 990 1195 factum
1022 1149 1088 1196 sit
1119 1147 1280 1196 dicere
1313 1163 1408 1196 non
1436 1163 1577 1209 queo.
1615 1148 1808 1196 Perisse

113 1222 322 1269 videtur.
379 1221 567 1269 Saltem
599 1221 815 1270 codicem
849 1223 936 1284 qui
967 1239 1076 1270 eam
1108 1223 1380 1271 servaverit
1409 1222 1545 1269 haud
1577 1222 1706 1270 novi.

225 1296 385 1358 Prope
418 1311 447 1343 a
478 1297 547 1344 M
572 1299 673 1344 stat
705 1297 789 1345 sed
820 1298 981 1359 pretio
1014 1299 1162 1344 caret.
1217 1296 1431 1358 Inspexi.

224 1370 299 1417 Ex
328 1371 406 1418 his
440 1385 561 1432 quos
591 1372 645 1418 in
677 1386 876 1419 censum
914 1370 1162 1419 vocandos
1202 1385 1306 1418 esse
1345 1371 1462 1417 duxi
1503 1370 1693 1419 codices
1726 1387 1808 1419 sex

112 1444 467 1493 MLaMaClB
480 1445 553 1493 Va
592 1460 761 1494 rursus
799 1447 853 1492 in
892 1445 1014 1493 duas
1047 1444 1325 1492 discedunt.
1348 1444 1565 1493 familias
1598 1461 1808 1507 quarum

111 1520 249 1580 prior
272 1518 521 1567 codicibus
538 1519 698 1579 MLa,
723 1520 882 1567 altera
904 1518 1112 1568 MaG'lB
1126 1520 1198 1567 Va
1222 1519 1518 1580 continetur,
1541 1519 1615 1566 ita
1638 1522 1807 1567 tamen

112 1596 172 1640 ut
194 1593 244 1639 B
284 1594 433 1640 etiam
473 1593 554 1640 hic
593 1609 946 1656 nonnunquam
988 1594 1087 1642 vim
1119 1592 1301 1642 codicis
1334 1594 1402 1640 M
1434 1596 1663 1655 expertus
1702 1609 1806 1642 esse

112 1667 352 1714 videatur.

224 1741 616 1790 Necessitudinis
663 1743 918 1790 vinculum
966 1742 1099 1804 quod
1152 1742 1284 1788 inter
1338 1743 1560 1805 singulos
1616 1742 1805 1790 codices

111 1815 376 1863 intercedit
405 1816 498 1863 hoc
530 1815 621 1863 tibi
655 1819 864 1864 stemma
896 1815 1069 1865 reddet

520 2241 1249 2294 me„-.-..--7----------------B
1320 2247 1379 2287 Va

233 2359 275 2412 1)
305 2355 452 2400 Paulo
478 2355 757 2400 succinctior
781 2358 851 2399 est
870 2354 1123 2411 descriptio
1147 2355 1197 2398 in
1220 2354 1376 2399 indice
1394 2356 1608 2400 codicum
1631 2355 1802 2400 biblio-

111 2415 275 2460 thecae
307 2414 546 2471 Rodulphi
586 2414 668 2471 qui
708 2416 778 2458 est
820 2414 869 2456 in
909 2413 1067 2458 codice
1105 2413 1319 2458 Parisino
1351 2429 1418 2472 gr.
1445 2419 1561 2459 3074
1591 2420 1800 2485 p.-38,6:

109 2487 494 2544 Ὀνειροκριτικὸν
534 2488 649 2546 ἀμὲχ
688 2488 795 2532 υἱοῦ
840 2487 981 2545 σερὴμ
1018 2514 1075 2520 -
1114 2486 1327 2546 λιβανίου
1370 2486 1599 2544 μονωδίαι
1637 2491 1678 2549 β.
1718 2497 1800 2534 τοῦ

111 2549 256 2592 αὐτοῦ
287 2548 605 2607 πρεσβευτικοὶ
635 2545 764 2604 λόγοι
796 2547 882 2591 δύο
913 2547 994 2591 καὶ
1025 2546 1184 2604 μελέτη
1216 2547 1246 2603 ἡ
1280 2547 1355 2592 ἐπὶ
1383 2555 1466 2592 τοῦ
1498 2549 1603 2604 περὶ
1628 2565 1705 2605 μοι
1738 2557 1802 2593 ῶν

110 2607 279 2664 νόμουε
311 2608 418 2662 περὶ
447 2613 529 2663 τῆς
559 2607 811 2663 οἰκοδομῆς
840 2613 923 2650 τοῦ
954 2613 1073 2650 ναοῦ
1103 2613 1184 2662 τῆς
1207 2605 1345 2663 ἁγίας
1375 2605 1545 2663 σοφίας
1575 2609 1655 2652 καὶ
1687 2567 1800 2652 ἅλλλα

110 2666 216 2710 τινὰ
255 2665 464 2723 διάφορα
502 2666 577 2723 (cf.
610 2664 912 2709 Montfaucon
952 2664 1070 2709 Bibl.
1112 2664 1227 2710 bibl.
1259 2666 1302 2709 Π
1326 2670 1435 2722 733,
1467 2679 1492 2710 e
1522 2667 1580 2710 N.
1606 2669 1663 2724 6).
1727 2668 1799 2710 Ad

111 2724 350 2782 Rodulphi
382 2725 590 2769 codicem
622 2726 766 2769 etiam
797 2723 1040 2780 inscriptio
1074 2738 1193 2780 quae
1224 2724 1274 2768 in
1305 2725 1420 2769 folio
1446 2731 1498 2770 6*
1519 2725 1667 2770 indici
1699 2741 1799 2770 suc-

113 2784 239 2828 cedit
269 2785 358 2829 No.
385 2787 433 2829 7:
465 2787 652 2841 quintae
682 2787 761 2841 (sc.
796 2785 981 2841 capsae)
1013 2786 1205 2840 spectat.

230 2845 274 2899 2)
307 2843 395 2887 Sed
438 2843 604 2887 folium
636 2847 717 2887 44v
756 2843 986 2899 scriptura
1022 2857 1218 2887 vacuum
1257 2845 1443 2888 mansit.
1506 2845 1558 2888 In
1597 2844 1708 2888 folio
1742 2849 1798 2887 45

112 2902 321 2946 succedit
354 2901 651 2958 opusculum:
696 2902 810 2957 Περὶ
851 2908 932 2958 τῆς
970 2900 1105 2958 ἁγίας
1143 2909 1226 2947 τοῦ
1265 2906 1384 2947 θεοῦ
1425 2901 1667 2960 ἐκκλησίας
1705 2905 1796 2946 κτλ.

113 2960 207 3005 alia
237 2974 379 3004 manu
411 2962 664 3005 exaratum.
1699 2977 1703 2980 ⁴
