1986 3158
772 83 775 89 ’
827 98 1170 145 PRAEFATIO
1798 99 1860 141 m

166 242 430 290 suluissem
454 239 703 301 adscripto
735 240 842 288 loco
868 239 1106 287 Lucianei
1137 238 1354 287 convivii
1379 237 1410 300 ξ
1440 240 1521 301 13,
1555 255 1856 300 quamquam

165 331 279 363 eum
310 315 436 363 tales
467 315 602 363 locos
635 330 664 361 a
694 330 772 362 me
805 314 1068 362 adnotatos
1107 314 1208 361 fere
1248 329 1494 376 nugarum
1533 313 1641 362 loco
1677 313 1857 361 habere

165 405 278 437 mox
309 388 601 437 videbimus.
649 389 822 451 Neque
846 388 970 436 mihi
1000 388 1237 450 proposui
1261 389 1321 435 ut
1343 390 1535 435 textum
1559 387 1727 435 darem
1752 404 1857 435 ver-

164 463 340 511 borum
373 465 459 524 qui
489 462 615 510 nihil
647 462 742 511 nisi
774 463 1012 511 facillime
1043 461 1143 525 legi
1173 463 1354 523 posset.
1405 462 1611 509 Manum
1642 462 1743 508 fere
1776 462 1858 509 Li-

164 537 301 587 banii
334 537 528 598 assequi
559 537 712 586 volui.
758 535 962 599 Semper
983 553 1061 584 me
1087 552 1195 584 eam
1221 538 1504 584 assecutum
1529 551 1631 585 esse
1656 536 1858 584 minime

168 627 407 660 assevero,
464 608 531 658 Τὸ
564 608 718 674 μηδὲν
749 613 1070 674 πλημμελεῖν,
1104 611 1176 658 ait
1206 609 1467 671 Libanius,
1505 608 1557 658 ἐν
1587 613 1690 668 τοῖς
1720 613 1859 668 θεοῖς

167 684 376 749 ὥρισται.
430 684 583 732 Velut
611 687 646 733 t.
679 685 753 733 IV
788 686 995 748 115,16
1039 687 1214 732 λαθεῖν
1251 686 1354 732 iam
1393 700 1492 732 non
1532 700 1643 732 cum
1676 687 1859 746 μαθεῖν
1951 734 1977 742 Ὺ,

165 759 481 819 mutandum,
525 758 610 807 sed
649 759 781 821 quod
826 759 1049 821 sequitur
1087 756 1376 822 ἐμάνθανον
1408 774 1520 807 cum
1550 758 1775 807 Iacobsio
1806 758 1859 805 in

164 831 442 881 ἐλάνθανον
466 833 809 897 corrigendum
834 849 938 882 esse
962 848 1148 881 censeo.
1184 832 1279 881 Sed
1298 833 1466 894 plures
1491 832 1858 881 emendationes

166 923 292 969 quas
315 907 400 955 ille
424 907 697 969 superfluas
722 907 849 954 dixit
873 909 1157 955 etiamnunc
1181 909 1339 969 teneo,
1364 908 1502 956 velut
1525 909 1560 956 t.
1584 906 1662 954 III
1691 908 1810 967 109,
1829 910 1854 954 1

164 980 348 1029 inserto
371 979 482 1047 περὶ
507 997 630 1043 opus
656 983 744 1042 est,
772 984 807 1030 t.
832 981 904 1029 IV
931 983 1015 1043 64,
1036 985 1099 1029 11
1130 981 1342 1046 διηγεῖτο
1366 997 1456 1043 pro
1483 977 1644 1046 ἡγεῖτο
1670 982 1859 1029 certum

163 1055 285 1102 mihi
318 1055 538 1117 videtur,
568 1058 604 1103 t.
629 1056 703 1103 IV
731 1057 850 1117 270,
871 1057 899 1103 9
934 1053 1197 1119 ἀδικήσασι
1227 1072 1317 1117 pro
1349 1053 1618 1119 ἀδικήμασι
1652 1070 1752 1102 non
1783 1070 1858 1103 so·

163 1130 266 1177 lum
298 1131 498 1178 notione
529 1130 759 1178 vocabuli
790 1129 1011 1189 κολάσεις
1044 1130 1128 1178 sed
1159 1131 1310 1178 etiam
1341 1129 1505 1179 verbis
1538 1129 1858 1191 sequentibus

163 1210 260 1251 τῶν
299 1201 621 1267 ἀδικημάτων
658 1201 948 1270 ἀποτρέπων
987 1204 1278 1266 requiritur,
1320 1220 1447 1266 quae
1488 1205 1659 1252 auctor
1697 1203 1856 1251 decla-

163 1278 398 1327 mationis
429 1295 529 1327 non
561 1277 879 1340 adhibuisset,
912 1279 954 1327 si
986 1276 1255 1342 ἀδικήμασι
1287 1278 1644 1327 antecessisset.

274 1352 343 1400 At
374 1353 526 1400 etiam
565 1353 901 1401 coniecturam
943 1353 1216 1415 palmarem
1256 1353 1384 1401 alius
1423 1354 1521 1400 viri
1557 1354 1728 1414 respui
1766 1352 1856 1399 fal-

164 1442 366 1488 samque
398 1443 560 1474 meam
590 1429 645 1474 in
675 1429 817 1475 textu
840 1423 1039 1489 reposui
1062 1430 1098 1475 t.
1124 1427 1202 1474 III
1228 1428 1351 1488 355,
1372 1428 1439 1474 14
1473 1425 1620 1490 φωνή
1651 1443 1699 1474 τε
1725 1423 1857 1494 αὐτῷ

162 1500 342 1564 πατρία
371 1499 424 1548 τό
464 1518 511 1548 τε
549 1499 816 1566 πρόσωπον
856 1499 909 1549 ἐν
949 1501 1262 1564 μειδιάματος
1301 1498 1481 1570 μέτρω,
1520 1501 1608 1549 ubi
1642 1499 1857 1548 Cobetus

163 1578 337 1638 πραεῖα
367 1590 456 1636 pro
488 1575 666 1640 πατρία
695 1575 971 1638 proposuit,
1003 1592 1094 1639 ego
1118 1573 1359 1643 πραοτέρα
1383 1575 1580 1637 scripsi!
1623 1571 1856 1623 Ita'iudi-

163 1651 244 1696 cat
290 1648 376 1710 qui
420 1650 473 1696 in
520 1649 777 1711 superficie
831 1652 1000 1698 manet
1053 1651 1133 1699 vel
1180 1651 1340 1711 specie
1389 1643 1592 1716 (πατρία
1624 1671 1679 1686 =
1712 1643 1854 1714 ποια)

163 1725 376 1783 tenetur,
406 1724 683 1785 penetralia
712 1739 830 1773 vero
861 1740 962 1772 non
992 1724 1160 1772 intrat.
1206 1724 1284 1771 Me
1318 1724 1518 1787 quidem
1548 1726 1606 1771 ut
1636 1725 1711 1771 ita
1744 1739 1855 1787 age-

163 1813 267 1845 rem
297 1799 544 1858 permovit
575 1798 709 1860 quod
741 1798 1117 1847 observaveram
1148 1799 1360 1846 formam
1391 1801 1568 1866 πρᾳεῖα
1592 1814 1621 1845 a
1644 1797 1855 1845 Libanio

163 1872 213 1917 in
247 1871 553 1919 orationibus
587 1873 637 1919 et
668 1872 1113 1921 declamationibus
1138 1874 1351 1921 vitatam
1383 1872 1587 1934 eiusque
1618 1872 1726 1920 loco
1758 1872 1855 1920 for-

162 1960 295 1992 mam
326 1946 653 2008 comparativi
684 1944 927 2014 πρᾳοτέρα
959 1947 1234 1995 adhibitam
1266 1962 1384 2007 esse,
1415 1946 1465 1994 id
1497 1946 1629 2008 quod
1659 1946 1856 2009 potissi-

163 2035 299 2066 mum
331 2019 438 2068 loco
470 2021 506 2068 t.
531 2019 581 2067 II
607 2021 730 2082 481,
751 2021 816 2068 18
849 2013 915 2084 ἦν
945 2027 1087 2069 τοῦτο
1118 2018 1360 2088 πραοτέρα
1391 2039 1463 2079 τις
1493 2018 1571 2068 ἐπὶ
1595 2019 1685 2084 τὴν
1710 2019 1855 2083 δίκην

162 2090 307 2214 ἀρχτέ
317 2093 613 2215 ὶὲηεῖτειτωῖ.
661 2093 790 2150 Quid
802 2095 974 2216 ligitur·
989 2095 1106 2143 falsi
1136 2096 1190 2142 in
1213 2095 1424 2216 ltectilpnle
1449 2110 1478 2216 ἰ,
1502 2110 1580 2179 me
1603 2092 1854 2157 reposita?

312 2183 337 2214 e
404 2184 429 2216 e
453 2183 555 2215 iam
584 2185 603 2216 1
640 2184 691 2216 se
723 2184 800 2216 me
824 2185 931 2217 lora
961 2185 1014 2216 m
1080 2185 1185 2217 rom
1247 2185 1283 2216 u
1357 2185 1385 2216 a
1422 2184 1446 2216 e
1508 2185 1570 2217 us
1635 2185 1727 2216 uae
1764 2184 1854 2216 ecre

163 2240 352 2303 scripsi,
383 2242 519 2289 velut
551 2185 685 2290 t.II)V
710 2245 833 2303 217,
853 2246 882 2290 2
915 2186 1115 2306 τοιαύῖτη
1147 2186 1235 2307 ‘egg-
1267 2245 1540 2305 θεοφιλοῦς
1564 2185 1715 2307 ἀὲχῆς
1746 2208 1854 2306 §iza

162 2312 243 2363 καὶ
282 2313 528 2379 καταβολὴ
569 2314 685 2380 μετὰ
723 2323 810 2365 τοῦ
850 2316 1046 2365 δικαίου
1092 2320 1301 2382 παγεῖσα
1346 2321 1535 2382 καιροῖς
1581 2313 1644 2364 ἂν
1681 2316 1854 2379 ἥκιστα

161 2388 416 2453 κινηθείη,
448 2390 536 2438 ubi
565 2394 755 2454 καιροῖς
785 2407 875 2452 pro
907 2388 988 2439 καὶ
1020 2387 1086 2449 ὥς
1124 2391 1364 2439 librorum
1403 2391 1652 2452 scriptura
1683 2392 1852 2452 aperte

161 2462 289 2510 falsa
311 2463 364 2510 in
387 2465 526 2512 textu
550 2467 710 2525 posui,
741 2467 888 2526 recte,
920 2467 976 2512 ut
999 2465 1123 2512 mihi
1154 2467 1437 2513 etiamnunc
1467 2464 1668 2513 videtur
1698 2479 1853 2526 aeque

163 2539 311 2598 atque
354 2537 568 2586 Rudolfo
607 2539 789 2587 Asmus
829 2535 992 2601 (hebd.
1031 2538 1151 2600 phil.
1185 2540 1326 2587 class.
1362 2541 1501 2588 1909
1536 2556 1582 2586 n.
1615 2532 1694 2604 9),
1745 2538 1851 2585 viro

161 2612 213 2656 in
244 2611 337 2658 hoc
367 2611 645 2660 studiorum
678 2628 851 2674 campo
882 2613 1241 2673 versatissimo,
1285 2613 1370 2675 qui
1403 2615 1518 2675 apte
1549 2612 1671 2660 duos
1703 2612 1851 2671 locos,

162 2700 315 2731 unum
354 2684 570 2751 eiusdem
619 2686 856 2734 orationis
895 2703 940 2748 p.
979 2688 1100 2747 270,
1128 2687 1193 2734 16
1242 2690 1344 2745 τοῖς
1391 2684 1480 2749 μὲν
1525 2689 1715 2750 καιροῖς
1760 2684 1849 2733 ὑπ-

163 2757 359 2805 ακούων
383 2754 546 2819 ὀξέως,
571 2759 781 2807 alterum
810 2761 1049 2808 orationis
1074 2759 1213 2808 LXII
1236 2777 1284 2823 p.
1311 2762 1434 2823 349,
1454 2761 1520 2807 13
1547 2758 1729 2824 μεγάλη
1754 2765 1851 2806 τῶν

161 2837 345 2896 καιρῶν
390 2827 472 2895 ἐφ’
522 2831 728 2881 ἑκάστου
774 2839 871 2881 τῶν
917 2833 1216 2899 πραγμάτων
1263 2830 1293 2896 ἡ
1342 2833 1470 2898 ῥοπή
1517 2836 1613 2881 κτλ.
1662 2833 1848 2880 attulit.

161 2903 393 2952 Mancum
421 2908 496 2953 est
521 2907 650 2967 quod
676 2907 903 2955 Reiskius
928 2908 1187 2970 proposuit
1211 2911 1385 2970 καλῶς,
1409 2923 1507 2955 non
1531 2908 1693 2954 minus
1711 2905 1849 2967 >quod
