2044 3168
282 117 316 169 2
320 117 388 169 36
697 116 923 161 LIBANII
955 115 1343 161 DECLAMATIO
1375 75 1588 161 XXXVII

395 258 477 305 18.
510 256 948 306 Laurentianus
973 257 1113 305 LVII
1141 258 1206 305 23
1234 272 1358 306 saec.
1383 257 1500 305 XIV
1525 257 1610 306 fol.
1633 259 1676 304 1.
1721 257 1847 305 Vide
1871 257 1969 304 t.V

280 334 550 394 p.176sq.

393 406 465 453 Ex
497 406 590 454 hoc
621 405 899 467 descriptus
932 407 1006 454 est
2032 435 2033 442 κ

398 482 478 528 19.
510 479 941 529 Ambrosianus
981 479 1020 526 Ε
1058 481 1123 527 92
1159 495 1265 542 sup.
1299 471 1429 547 (301
1473 481 1525 527 in
1569 480 1796 543 catalogo
1835 479 1970 528 Mar·
2032 509 2036 515 -

284 554 398 602 tinii
429 555 478 601 et
502 547 686 620 Bassii)
714 569 838 603 saec.
864 547 1099 618 XIVsXV
1129 554 1214 601 fol.
1241 554 1287 601 8.
1331 553 1458 602 Vide
1490 557 1525 602 t.
1550 554 1596 601 V
1627 572 1674 617 p.
1703 554 1806 602 178
1826 570 1896 616 sq.

395 630 479 676 20.
511 627 741 676 Athous
771 628 1002 676 Laurae
1041 627 1088 676 S.
1120 628 1445 676 Athanasii
1478 628 1530 676 ,Ω
1566 630 1667 677 123
1702 643 1826 676 saec.
1850 628 1973 676 XIII

283 703 367 752 fol.
396 704 515 751 103.
578 702 705 751 Vide
735 704 771 749 t.
797 703 822 750 I
852 719 899 764 p.
927 703 1030 750 323
1051 718 1121 765 sq.

396 778 479 826 21.
511 776 843 826 Vaticanus
883 793 954 840 gr.
991 778 1093 824 937
1136 791 1260 825 saec.
1294 752 1385 824 XV
1423 777 1508 824 fol.
1543 777 1660 826 109.
1724 776 1850 824 Vide
1880 778 1916 825 t.
1947 776 1974 825 Ι

282 868 329 914 p.
357 852 553 914 329sq.

397 926 480 972 22.
520 924 953 973 Ambrosianus
993 925 1018 972 I
1050 926 1117 974 49
1160 941 1265 987 sup.
1307 918 1439 991 (460
1478 926 1531 972 in
1571 925 1800 988 catalogo
1844 925 1974 973 Mar·

282 999 397 1047 tinii
444 1001 495 1047 et
538 993 726 1065 Bassii)
775 1014 904 1047 anno
949 999 1088 1047 1488
1138 1002 1366 1048 exaratus
1413 1000 1498 1048 fol.
1535 1000 1652 1047 186.
1715 999 1842 1047 Vide
1880 1001 1915 1048 t.
1947 999 1975 1047 I

283 1091 330 1136 p.
359 1074 553 1135 363sq.

395 1148 470 1195 Ex
502 1147 672 1196 eodem
705 1163 800 1209 quo
831 1147 912 1196 1110
943 1146 1300 1196 Ambrosianus
1331 1147 1478 1195 fiuxit
1509 1147 1672 1195 codice

397 1224 481 1270 23.
515 1221 826 1270 Parisinus
865 1238 935 1286 gr.
981 1223 1120 1270 3017
1163 1237 1285 1270 saec.
1319 1222 1412 1268 XV
1447 1222 1530 1270 fol.
1568 1223 1687 1270 178.
1753 1220 1975 1270 Collatus

284 1298 358 1344 est
390 1312 421 1344 a
451 1296 624 1344 Bastio
658 1298 708 1344 et
738 1296 1078 1344 Boissonadio.
1141 1295 1267 1344 Vide
1297 1298 1333 1346 t.
1359 1295 1411 1343 Π
1440 1313 1487 1358 p.
1515 1297 1547 1343 4
1566 1311 1635 1358 sq.

197 1368 282 1408 269
398 1372 482 1418 24.
514 1370 944 1419 Ambrosianus
976 1370 1018 1417 B
1048 1371 1148 1419 101
1186 1365 1316 1437 (123
1342 1372 1395 1417 in
1421 1371 1647 1434 catalogo
1673 1369 1898 1419 Martinii
1928 1372 1979 1419 et

284 1441 470 1510 Bassii)
505 1438 601 1511 (-—=
626 1437 695 1511 A)
727 1444 1052 1506 bombycinus
1091 1445 1282 1493 formae
1324 1445 1532 1506 quartae
1565 1459 1689 1493 saec.
1715 1439 1979 1508 X111sXIV

286 1519 495 1567 diversis
516 1518 745 1567 manibus
764 1521 993 1567 exaratus
1011 1519 1131 1566 olim
1149 1517 1396 1582 Georgii
1413 1518 1810 1567 Tribiziensis
1829 1517 1978 1567 Grae-

286 1610 458 1641 corum
495 1593 719 1642 Venetiis
765 1592 1101 1640 habitantium
1149 1592 1419 1642 sacerdotis
1462 1592 1692 1656 deinceps
1735 1592 1979 1657 Georgii

285 1667 549 1715 Merulae
581 1667 980 1715 Alexandrini
1020 1669 1070 1716 et
1105 1667 1345 1715 scholae
1388 1667 1740 1730 Hieronymi
1772 1666 1981 1716 Calchi

285 1741 495 1790 testibus
519 1741 924 1804 inscriptionibus
950 1741 1059 1790 folii
1087 1743 1140 1789 1:
1172 1741 1267 1790 Est
1293 1741 1490 1802 Georyii
1512 1743 1739 1790 Merulae
1761 1740 1979 1791 Alexan-

286 1816 419 1865 drini
452 1819 494 1864 et
524 1818 792 1864 amicorum
826 1818 895 1863 14
907 1819 940 1863 7
946 1818 977 1863 9
1021 1816 1242 1865 Venetiis‘.
1291 1813 1381 1881 ἐγὼ
1424 1813 1449 1864 ὀ
1487 1822 1653 1874 παπᾶς
1690 1815 1922 1881 γεώργιος
1955 1812 1980 1864 ὁ

285 1890 520 1955 τριβιζίας
546 1887 571 1938 ὁ
596 1887 718 1955 κρὴς
746 1887 885 1938 ὁτῶν
909 1888 962 1939 ἐν
986 1889 1223 1954 βενετίαις
1241 1895 1457 1956 γραικῶν
1475 1887 1631 1953 ἱερεὺς
1647 1887 1874 1953 ἐπώλησα
1889 1888 1980 1952 τὴν

287 1962 552 2030 ῥητορικὴν
577 1963 761 2027 ταύτην
785 1970 872 2012 τοῦ
896 1961 1191 2030 ἕρμογένους
1215 1970 1279 2012 τῶ
1303 1970 1437 2028 κυρῶ
1464 1962 1739 2012 διδασκάλω
1757 1971 1821 2012 τῶ
1845 1970 1979 2030 κυρῶ

285 2037 502 2104 γεωργία)
527 2044 591 2086 τῶ
615 2035 905 2099 ἀλεξανδρεῖ
921 2037 1156 2102 χρυσίνου
1181 2036 1290 2096 ἑνὸς
1314 2035 1396 2086 καὶ
1419 2033 1652 2101 ἡμίσεωςε
1685 2037 1754 2096 εἰς
1777 2034 1854 2103 ,α”Ί
1878 2036 1982 2086 vo&

286 2110 409 2160 κατὰ
439 2111 686 2170 λατίνους·
718 2110 802 2160 καὶ
833 2109 1080 2176 ἀπέλαβον
1112 2109 1169 2160 τὰ
1194 2110 1427 2178 εἰρημένα
1455 2110 1674 2177 χρήματα
1699 2115 1749 2160 et
1779 2112 1890 2161 folii
1923 2114 1978 2160 2:

286 2187 385 2234 Hic
416 2187 535 2234 liber
583 2190 650 2234 est
685 2187 874 2235 scholae
905 2186 1091 2235 domini
1121 2187 1412 2248 Hieronymi
1446 2186 1610 2234 Calchi
1622 2179 1663 2250 1)
1696 2188 1747 2233 et
1782 2186 1981 2246 Colleyii

291 2259 610 2309 Chalchorum
641 2261 863 2308 ¹continet
893 2262 1007 2322 post
1037 2260 1281 2322 Apthonii
1311 2261 1751 2323 progymnasmata
1784 2263 1833 2308 et
1856 2260 1979 2307 Her-

286 2334 508 2398 mogenis
534 2336 692 2381 artem
714 2334 1011 2382 rhetoricam
1036 2334 1237 2383 scholiis
1262 2336 1490 2383 ornatam
1513 2333 1626 2381 inde
1651 2350 1680 2382 a
1703 2334 1823 2382 folio
1853 2335 1980 2381 1521τ

286 2424 443 2469 usque
491 2408 553 2455 ad
590 2409 691 2456 155
735 2401 816 2474 (=
844 2402 1028 2474 1—4)‚
1068 2424 1164 2470 quo
1204 2408 1395 2470 finitur,
1435 2423 1587 2455 manu
1627 2408 1813 2456 saeculi
1858 2407 1980 2455 XIII

287 2482 508 2530 exeuntis
539 2482 660 2530 bene
694 2484 947 2530 exaratam
980 2482 1388 2531 declamationem
1422 2481 1713 2543 inscriptam

398 2555 676 2619 λιβανίου
702 2554 931 2619 μελέτη·
964 2556 1253 2615 πλούσιος
1276 2553 1629 2622 ἀριστεύσας
1653 2552 1870 2618 ’ᾔτησεν
1894 2555 1979 2615 εἰς

287 2628 394 2693 τὴν
427 2627 652 2694 δωρεὰν
683 2628 866 2678 αὐτοῦ
899 2629 1172 2694 φυγάδας
1203 2628 1581 2678 ἐπανελθεῖν’
1627 2622 1812 2688 αὖθις
1851 2627 1978 2695 ἀρι-

288 2702 532 2762 στεύσας
563 2700 738 2768 ᾔτησε
769 2701 906 2763 τοὺς
936 2700 1183 2767 ἀτίμους
1214 2701 1492 2768 ἐντίμους
1522 2700 1822 2768 γενέσθαι.
1855 2703 1978 2769 τρί-

358 2875 463 2977 XIIX}
485 2873 551 2918 Cf.
584 2873 793 2930 Martinii
825 2874 872 2918 et
903 2872 1055 2918 Bassii
1087 2872 1234 2918 Catal.
1268 2874 1401 2919 codd.
1434 2886 1586 2931 graec.
1619 2871 1731 2916 bibl.
1764 2872 1973 2916 Ambros.

287 2947 333 2989 p.
468 2968 476 2976 .
