2044 3168
241 95 347 147 328
685 93 954 153 [LIBANH]
987 56 1376 139 DECLAMATIO
1407 95 1485 138 XL

238 228 328 284 καὶ
367 229 715 298 κολάζεσθαι,
754 231 1110 298 κατελεήσατε
1149 237 1244 298 τῆς
1283 231 1448 300 τύχης
1486 231 1584 284 τὸν
1617 228 1791 300 μηδὲν
1829 229 1929 299 μὲν

237 320 550 388 ἠδικηκότα,
589 321 748 386 μείζω
790 317 850 382 δὲ
889 328 1001 372 τῶν
1040 318 1300 372 ἁπάντων
1333 320 1639 389 ἠτυχηκότα
1678 321 1768 374 καὶ
1807 331 1929 375 παῖ-

239 410 338 471 δας
375 408 476 476 μὲν
515 407 685 461 αὐτὸν
723 406 814 461 καὶ
852 410 1081 461 τεκόντα
1119 407 1208 461 καὶ
1241 409 1614 477 θρεψάμενον,
1655 409 1836 463 οὐκέτι
1869 408 1928 463 δὲ

147 502 268 546 RIV
286 506 371 546 585
417 495 508 550 καὶ
555 506 667 551 τῶν
714 496 953 551 ἐλπίδων
987 495 995 569 Ι
1031 497 1404 567 ἀπονάμενον,
1452 497 1514 560 ἃς
1561 496 1649 551 ἐπὶ
1695 499 1929 564 τούτοις,

193 607 213 641 5
239 583 282 640 ὦ
313 589 455 656 θεοί,
491 587 659 649 καλὰς
689 585 780 640 καὶ
813 589 1071 655 γενναίας
1102 585 1431 656 ὑπέτρεφον,
1463 585 1588 656 μεθ’
1629 583 1708 641 ὧν
1737 586 1929 660 πρῴην

237 675 427 745 ε’βίουν
465 674 552 729 καὶ
594 684 702 729 νῦν
742 676 1043 746 οἰχομένων
1090 674 1447 746 ξυνοίχεσθαι
1494 675 1657 745 κάμοὶ
1709 676 1928 745 βέλτιον

235 764 305 818 ἂν
353 771 451 834 εἴη.
521 765 568 818 3.
608 766 669 818 ἓν
715 762 816 832 μὲν
862 761 967 819 οὖν
1011 773 1176 819 τοῦτο
1222 763 1312 818 καὶ
1359 774 1580 834 πρῶτον
1626 774 1720 835 τῆς
1770 766 1928 833 ὑμῶν

237 857 663 924 φιλανθρωπίας
715 853 931 924 δέομαι,
989 855 1250 925 δεύτερον
1305 851 1364 907 δὲ
1419 854 1592 923 μηδὲν
1643 856 1718 918 εἰς
1767 856 1927 923 δίκην

235 942 325 997 καὶ
363 952 463 997 τοῦ
502 943 775 1013 προτέρου
815 944 1013 997 τούτου
1055 946 1396 1013 λειπόμενον,
1437 944 1519 996 ὅτι
1555 946 1730 1013 πατὴρ
1764 942 1866 1013 μὲν
1897 945 1925 998 ὁ

173 1053 212 1087 ιο
236 1035 557 1104 κρινόμενος
605 1031 710 1101 ἐγὼ
765 1031 855 1086 καὶ
909 1035 1046 1101 πρὸς
1100 1031 1298 1101 γένους
1345 1033 1396 1085 οἱ
1451 1035 1790 1096 πεπτωκότες
1836 1032 1926 1087 καὶ

237 1129 476 1191 συγγενῆ
517 1123 583 1175 τὰ
621 1123 760 1189 κακὰ
797 1122 885 1175 καὶ
927 1123 1011 1175 δεῖ
1049 1141 1113 1189 με
1155 1123 1246 1175 διὰ
1292 1122 1505 1175 τούτων
1555 1123 1798 1191 βαδίζειν
1837 1121 1925 1176 ἐπὶ

234 1212 295 1265 τὸ
335 1213 546 1265 πείσειν
585 1212 658 1275 ὡς
697 1212 754 1265 οἰ
787 1209 889 1279 μὲν
927 1212 1177 1281 ἠδίκουν,
1218 1210 1322 1279 ἐγὼ
1356 1208 1416 1264 δὲ
1448 1211 1549 1279 τὴν
1586 1210 1756 1280 ὕβριν
1797 1210 1925 1264 ἀπε-

234 1303 532 1371 κρουόμην.
594 1301 643 1354 4.
683 1302 885 1355 τούτου
922 1298 1024 1368 μὲν
1064 1297 1167 1355 οὗν
1207 1301 1235 1354 ὁ
1276 1301 1510 1371 χρηστὸς
1553 1296 1713 1363 οὗτος
1753 1305 1925 1363 αἴτιος

234 1391 495 1459 τοιαύτην
518 1411 611 1460 μοι
635 1390 982 1461 προθέμενος
1006 1391 1221 1459 αἵρεσιν
1253 1391 1415 1443 δυοῖν
1446 1389 1669 1443 τούτοιν
1701 1388 1925 1443 ἑλέσθαι

171 1501 212 1533 15
237 1480 502 1550 θάτερον,
543 1479 576 1549 ἢ
614 1477 787 1549 μηδὲν
826 1481 1002 1533 εἰπεῖν
1047 1479 1380 1549 ἀνεχόμενον
1430 1480 1561 1548 μετὰ
1601 1480 1926 1549 κακούργων

237 1574 459 1622 κεῖσθαι
506 1568 539 1637 ἢ
585 1570 658 1639 μὴ
705 1579 1033 1639 κακουργεῖν
1082 1567 1323 1638 ἐλέγχειν
1369 1568 1710 1638 πειρώμενον
1756 1569 1926 1622 αὐτὸν

236 1657 641 1711 ἀνακαλύπτειν
680 1659 753 1721 ὡς
793 1657 879 1711 ε’πὶ
919 1658 1165 1727 θεάτρου
1203 1658 1299 1720 τὰς
1346 1656 1584 1725 ἐμαυτοῦ
1625 1657 1923 1727 συμφοράς.

234 1747 283 1800 5.
322 1743 466 1800 ἔοικε
507 1746 555 1800 δ’
602 1747 634 1817 ἠ
683 1748 828 1817 Τύχη
869 1747 1002 1817 μετὰ
1047 1755 1146 1801 τοῦ
1193 1749 1466 1815 παρόντος
1510 1747 1602 1799 καὶ
1648 1748 1811 1800 τοῦτό
1859 1766 1925 1816 με

233 1846 344 1889 τῶν
396 1835 647 1905 πατέρων
703 1835 1066 1906 ἀφαιρεῖσθαι
1122 1837 1384 1890 σπεύδειν
1435 1836 1497 1888 τὸ
1554 1836 1626 1906 μὴ
1674 1836 1768 1899 τὰς
1813 1845 1923 1889 τῶν

232 1996 397 2053 scripsi
459 1995 732 2052 οἰκτείρεται
757 1995 1020 2053 (οἰκτείρετε
1052 1998 1126 2054 Vi)
1159 1997 1269 2041 libri
1301 1996 1392 2041 edd
1420 1997 1426 2055 Ι
1455 1996 1610 2052 ἕτερον
1642 1996 1694 2042 δὲ
1726 2013 1923 2053 κακουρ-

231 2063 329 2113 γεῖν
362 2056 527 2114 scripsi
559 2070 584 2100 e
611 2057 758 2102 MaG'l
770 2058 871 2102 ViB
884 2058 951 2108 Va
1013 2055 1165 2112 ἕτερος
1196 2057 1247 2102 δὲ
1279 2063 1532 2113 κακουργεῖ
1553 2057 1673 2100 LPa
1703 2055 1795 2100 edd

352 2149 374 2188 1
409 2144 686 2198 κολάζεσθαι
719 2145 882 2203 scripsi
944 2145 1183 2198 κολάζεται
1214 2144 1439 2203 (κολάζετε
1473 2146 1545 2202 Vt)
1578 2144 1689 2188 libri
1720 2144 1811 2188 edd

231 2209 257 2247 4
289 2203 591 2260 ἀπονάμενον
630 2205 796 2261 scripsi
827 2219 851 2249 c
882 2206 1176 2250 MaClViVa
1252 2204 1562 2260 ἀπωνάμενον
1587 2205 1753 2248 LPaB
1786 2203 1877 2247 edd
1912 2203 1917 2262 ι

231 2262 312 2314 οὓς
336 2264 426 2308 Μα
457 2264 538 2307 sed
569 2281 624 2314 υς
654 2264 702 2307 in
734 2279 809 2308 ras
841 2264 910 2307 m³
959 2266 965 2321 Ι
1016 2263 1093 2308 ἐπὶ
1123 2264 1171 2307 in
1204 2278 1278 2308 ras
1305 2264 1417 2309 Ma³
1561 2269 1585 2307 5
1619 2263 1779 2319 πρώην
1811 2262 1920 2307 libri

232 2322 322 2366 edd
460 2327 485 2366 6
519 2320 826 2381 συνοίχεσθαι
852 2325 942 2368 Μα
1078 2328 1102 2366 7
1135 2324 1264 2380 ὑμῶν
1291 2324 1342 2368 ΟΖ
1374 2323 1455 2367 sed
1487 2323 1514 2367 ὑ
1546 2323 1594 2366 in
1626 2335 1702 2366 ras
1733 2321 1803 2364 m³

232 2386 256 2424 9
290 2381 369 2426 καὶ
400 2381 573 2426 inserui
606 2395 630 2426 e
658 2383 916 2428 MaClViB
929 2384 997 2428 Va
1057 2397 1133 2427 om
1157 2384 1276 2427 LPa
1301 2382 1391 2426 edd
1419 2384 1425 2438 Ι
1453 2380 1680 2436 προτέρου
1705 2380 1868 2437 scripsi
1894 2395 1918 2425 c

231 2441 444 2486 ManVi
516 2442 699 2496 πρώτου
724 2442 850 2487 BVa
909 2440 1136 2497 πρότερον
1160 2443 1280 2486 LPa
1313 2441 1402 2485 edd
1453 2443 1459 2497 Ι
1508 2439 1733 2496 δεόμενον
1760 2441 1918 2495 Mam,

230 2501 312 2544 sed
344 2517 398 2555 γρ
429 2498 702 2556 λειπόμενον
741 2500 790 2544 in
820 2514 955 2558 marg
980 2501 1252 2555 Ma³ol¹‚Vi
1397 2505 1449 2544 12
1488 2498 1675 2544 πείθειν
1715 2500 1820 2543 coni
1851 2499 1917 2543 Re

234 2559 238 2615 Ι
275 2558 372 2602 ἐπεὶ
405 2561 514 2604 antae
546 2559 607 2609 ὡς
638 2559 728 2602 cdd
806 2560 957 2604 delevi
987 2562 1042 2603 ut
1073 2559 1177 2603 coni
1210 2560 1278 2603 Re
1319 2561 1365 2603 ct
1398 2559 1600 2603 Sintenis
1747 2563 1799 2602 13
1832 2555 1918 2602 οὖν

230 2632 304 2661 om
328 2619 454 2663 BVa
598 2623 652 2662 14
683 2618 887 2678 τούτοιν]
919 2617 1080 2663 τοίνυν
1111 2619 1222 2662 Fcrr
1292 2617 1454 2663 τοίνυν
1484 2618 1668 2662 τούτοιν
1699 2617 1800 2662 Mor

231 2681 286 2719 15
317 2676 462 2733 μηδὲν
493 2677 543 2720 in
573 2691 647 2720 ras
672 2677 768 2722 Pa²
890 2683 942 2722 16
976 2679 1119 2723 αὐτὸν
1143 2678 1329 2735 reposui
1354 2692 1380 2722 c
1403 2677 1709 2722 LMaOle‘B
1722 2677 1787 2720 Va
1812 2690 1917 2719 cum

227 2735 436 2780 Iacobsio
454 2736 565 2780 Lech
581 2735 671 2780 coll
687 2752 731 2794 p.
751 2740 917 2788 344‚22
980 2737 1206 2782 αὑτὸνΡα
1230 2737 1321 2781 edd
1444 2741 1496 2779 17
1521 2735 1726 2791 θεάτρου
1752 2735 1917 2791 scripsi

229 2797 416 2839 auctore
439 2795 506 2839 Ro
533 2795 622 2839 coll
645 2810 690 2852 p.
711 2799 811 2850 341,
829 2801 884 2839 20
945 2795 1150 2851 θάτερον
1182 2795 1291 2839 libri
1314 2795 1406 2840 cdd.
1528 2799 1581 2838 18
1613 2811 1667 2850 με
1692 2808 1766 2838 om
1789 2795 1917 2839 BVa

349 2858 403 2898 19
440 2854 525 2910 „ah
559 2860 643 2899 aut
671 2854 909 2899 delendum
933 2861 1017 2900 aut
1039 2870 1141 2900 cam
1173 2854 1229 2911 δὴ
1257 2855 1555 2899 mutandwm“
1583 2853 1651 2897 Re
1681 2853 1756 2896 cui
1787 2852 1916 2910 obloss

229 2915 362 2957 cutus
394 2915 465 2957 cst
494 2913 731 2958 Iacobsius
763 2913 876 2959 Lect
