2044 3168
917 592 1218 647 XXXVIII.

329 716 638 765 Declamatio
669 717 912 779 inscripta
948 715 1122 782 Φήμη
1161 708 1233 781 ἧν
1272 720 1544 766 συνεῖναι
1582 716 1684 767 τὸν
1726 718 1910 768 πλού-

217 805 347 839 σιον
378 796 444 858 τῇ
477 796 580 839 τοῦ
611 788 864 854 πένητος
894 790 1151 856 γυναικί.
1199 790 1417 855 ἔθηκεν
1451 788 1476 840 ὁ
1507 789 1691 855 πένης
1722 791 1910 853 νόμον

216 864 534 914 κελεύοντα
597 863 734 924 τοὺς
800 862 1045 929 μοιχοὺς
1110 863 1388 932 ἀκρίτους
1455 862 1909 915 ἀποκτιννύναι.

217 936 516 1006 ἐγράψατο
550 935 575 987 ὅ
606 937 910 997 πλούσιος.
955 933 1071 987 εἷλε
1103 937 1199 988 καὶ
1230 940 1424 1005 κρίνει
1455 938 1637 988 αὐτὸν
1669 936 1695 988 ὅ
1727 937 1912 1004 πένης

218 1012 485 1078 μοιχείας
518 1029 617 1075 qua
647 1029 851 1075 pauper,
882 1015 1150 1076 postquam
1180 1014 1341 1078 legem
1374 1014 1622 1063 adulteros
1659 1030 1809 1063 causa
1838 1015 1912 1062 in-

216 1087 351 1136 dicta
388 1087 601 1136 interfici
637 1087 893 1135 iubentem
936 1087 1092 1136 divite
1124 1087 1211 1150 qui
1250 1103 1359 1136 cum
1399 1089 1556 1150 ipsius
1587 1105 1737 1137 uxore
1770 1088 1911 1136 adul-

215 1161 398 1210 terium
452 1162 766 1210 commiserat
817 1161 1079 1210 adversato
1111 1162 1342 1224 perferre
1392 1178 1492 1210 non
1539 1164 1729 1223 potuit,
1781 1163 1912 1211 hunc

216 1235 453 1286 adulterii
484 1236 687 1283 crimine
730 1236 783 1283 in
820 1235 1062 1283 iudicium
1101 1239 1269 1298 vocat,
1308 1236 1572 1284 facundiae
1605 1236 1910 1285 Libanianae

217 1308 600 1359 admiratoribus
631 1310 765 1358 haud
795 1310 995 1374 ingrata
1026 1311 1136 1358 fuit.
1184 1311 1361 1372 Itaque
1393 1326 1491 1358 non
1517 1307 1776 1372 ‘corporis'
1802 1311 1911 1358 fini-

215 1383 306 1433 bus
339 1383 553 1432 coercita
582 1385 789 1445 mansit,
829 1383 911 1431 sed
955 1385 1107 1432 etiam
1149 1384 1202 1431 in
1234 1385 1429 1448 eclogas
1460 1385 1674 1435 transiit.
1738 1385 1911 1447 Neque

216 1473 400 1520 parvus
432 1460 507 1507 est
535 1474 769 1506 numerus
803 1457 1028 1507 codicum
1068 1458 1244 1520 quibus
1283 1459 1347 1506 ad
1385 1458 1512 1506 hanc
1556 1461 1772 1507 aetatem
1801 1475 1910 1520 per-

216 1533 367 1580 venit.
424 1531 550 1579 Sunt
583 1534 751 1580 autem
782 1532 835 1580 hi
868 1534 960 1580 21:

326 1606 518 1668 Incipio
551 1622 580 1654 a
614 1602 1006 1668 ‘corporalibus'.

332 1682 376 1727 1.
408 1680 854 1728 Laurentianus
879 1679 1020 1727 LVII
1047 1682 1112 1727 27
1141 1696 1268 1728 anno
1299 1681 1438 1728 1392
1465 1683 1694 1729 exaratus
1718 1682 1803 1729 fol.
1824 1682 1909 1729 59.

216 1755 343 1802 Vide
373 1756 410 1801 t.
435 1753 461 1802 I
490 1770 536 1816 p.
565 1754 632 1802 59
651 1769 723 1816 sq.

327 1829 403 1876 Ex
434 1828 527 1876 hoc
558 1827 832 1891 descriptus
864 1831 938 1877 est

330 1905 376 1950 2.
403 1902 1000 1951 Wolfenbuttelanus
1020 1903 1122 1950 511
1147 1901 1453 1951 Gudianus
1470 1919 1542 1966 gr.
1563 1896 1910 1969 77(=W01f)

217 1991 339 2024 saec.
365 1976 457 2022 XV
495 1976 579 2024 fol.
608 1977 713 2023 64'.
776 1976 904 2024 Vide
943 1979 978 2025 t.
1004 1977 1029 2023 I
1059 1994 1107 2039 p.
1135 1978 1201 2024 59
1223 1991 1294 2038 sq.
1353 1975 1575 2024 Contulit
1616 1976 1818 2024 Reiskia
1857 1978 1911 2024 in

216 2066 362 2098 usum
393 2050 562 2098 mariti
596 2051 682 2111 qui
714 2066 825 2098 eum
856 2051 1028 2099 littera
1059 2051 1121 2097 W
1154 2050 1427 2113 insignivit.

330 2125 376 2172 3.
409 2124 853 2172 Escurialensis
883 2120 1086 2173 Τ-ΙΙ-9
1114 2117 1246 2190 (145
1271 2126 1325 2171 in
1350 2125 1578 2188 catalogo
1603 2118 1908 2190 Milleriano)

217 2213 341 2246 saec.
366 2198 485 2245 XVI
522 2198 798 2260 descriptus
839 2214 896 2245 ex
937 2198 1153 2247 editione
1183 2198 1490 2247 Ferrariensi
1531 2213 1658 2259 quae
1690 2198 1909 2246 Wolfen-

216 2271 527 2319 buttelanum
561 2271 749 2320 fontem
780 2272 968 2320 habuit.
1030 2272 1152 2320 Vide
1182 2275 1216 2320 t.
1242 2272 1269 2320 1
1298 2290 1346 2335 p.
1374 2274 1456 2320 67.

331 2347 377 2393 4.
410 2345 781 2395 Barbcrinus
806 2346 857 2394 ΙΙ
882 2348 947 2394 41
977 2362 1108 2393 nunc
1132 2346 1405 2394 Vaticanus
1429 2345 1574 2393 Barb.
1602 2347 1709 2394 220
1728 2339 1822 2411 (=
1839 2340 1906 2411 B)

219 2434 342 2467 saec.
360 2420 452 2467 XV
475 2419 557 2467 fol.
580 2420 700 2468 396.
731 2420 859 2467 Vide
883 2422 918 2467 t.
936 2419 962 2467 I
984 2436 1030 2482 p.
1059 2421 1127 2468 24
1145 2435 1216 2482 sq.
1252 2419 1478 2468 Contulit
1499 2435 1665 2467 meum
1689 2419 1739 2466 in
1763 2435 1909 2467 usum

217 2492 337 2542 Pius
370 2493 584 2541 Franchi
616 2493 674 2541 de
708 2492 993 2542 Oavaleriis.

329 2565 547 2615 Transeo
581 2566 642 2613 ad
675 2563 1003 2631 ‘eclogarios'.

333 2642 378 2687 5.
411 2641 752 2688 Marcianus
793 2658 863 2704 gr.
888 2642 992 2688 439
1029 2635 1124 2707 (=
1149 2634 1224 2707 M)
1258 2656 1380 2689 saec.
1406 2634 1649 2705 XIIJXHI
1687 2640 1771 2688 fol.
1801 2641 1907 2689 15'.

220 2713 476 2762 Correctus
509 2717 585 2762 est
614 2713 773 2763 tribus
797 2714 1046 2762 manibus:
1077 2730 1126 2762 m
1152 2730 1277 2776 quae
1303 2716 1378 2762 est
1399 2713 1591 2761 librarii
1614 2715 1786 2776 ἱρείας,
1809 2714 1846 2774 f,
1860 2730 1907 2775 y.

221 2786 417 2836 Scholia
455 2788 702 2836 rhetorica
739 2788 955 2851 margini
987 2788 1236 2849 adscripta
1266 2790 1382 2836 sunt
1413 2789 1463 2834 et
1494 2803 1523 2835 a
1556 2803 1603 2834 m·
1633 2788 1684 2834 et
1715 2787 1775 2834 ab
1809 2787 1910 2835 alia

218 2875 372 2908 manu
412 2877 537 2923 quae
576 2861 725 2910 rubro
766 2864 1042 2909 atramento
1083 2876 1175 2910 usa
1208 2863 1283 2910 est
1313 2855 1409 2927 (=
1433 2855 1590 2928 rubr).
1645 2860 1773 2908 Vide
1803 2863 1838 2908 t.
1863 2860 1910 2905 V

219 2950 265 2994 p.
295 2935 398 2983 168
417 2950 488 2996 sq.
545 2933 757 2983 Contuli.
