2014 3158
233 151 341 204 614
641 148 871 193 LIBANII
900 149 979 192 DE
985 148 1292 194 CLAMATIO
1323 148 1512 194 XLVIII

231 286 291 339 ἐν
331 285 619 358 ἀπορρήτῳ
660 284 1148 352 κατασκευάσματα
1185 294 1301 348 τοῖς
1338 290 1565 348 πολλοῖς
1597 287 1792 356 ἄδηλα,
1832 289 1925 341 οὕ-

228 395 302 429 τω
358 374 444 444 δέ,
501 374 574 438 ὡς
626 382 735 428 νῦν
789 373 948 443 ἀξιῶ,
1002 381 1097 442 τῆς
1151 375 1327 436 οἰκίας
1383 373 1626 427 ἐκπεσὼν
1679 377 1779 429 τὸν
1823 374 1926 446 μὲν

229 463 504 530 ἐλευθερῶ
544 463 811 533 μέμψεως,
852 464 1016 526 αὐτὸς
1056 460 1118 517 δὲ
1156 465 1258 533 τὴν
1297 465 1480 518 αἰτίαν
1518 470 1753 535 οἴσομαι.
1786 468 1834 520 εἰ
1866 466 1926 520 δ’

228 553 530 621 ἀναγκαῖον
568 554 601 619 ἢ
641 554 816 625 τούτῳ
863 573 916 606 τι
955 552 1219 621 γενέσθαι
1268 551 1531 623 δυσχερὲς
1570 555 1602 623 ἢ
1643 554 1786 623 ἐμοί,
1833 576 1924 625 με-

185 665 204 698 5
230 640 531 713 τριώτερον
570 641 651 695 ἐπ’
701 641 793 712 ἐμὲ
830 649 995 696 τοῦτο
1037 641 1229 696 ἐλθεῖν
1267 641 1300 711 ἢ
1341 643 1440 696 τὸν
1485 643 1693 712 πατέρα
1740 644 1801 698 ἐν
1847 647 1925 698 αἱ·

228 732 401 802 σχύνῃ
448 739 686 801 ποιῆσαι.
751 731 799 786 5.
848 731 1006 785 ἕνεκα
1052 728 1154 800 μὲν
1194 727 1298 784 οὖν
1336 740 1435 785 τοῦ
1477 733 1697 786 δικαίαν
1735 753 1793 786 τε
1833 733 1922 787 καὶ

227 822 462 889 εὔλογον
501 818 644 874 εἶναι
683 823 786 890 τὴν
830 829 1120 891 παροῦσαν
1169 826 1387 890 αἴτησιν
1432 827 1628 891 θαρρῶ
1676 824 1747 892 μὴ
1795 823 1923 876 ἀτυ-

225 918 411 981 χῆσαι,
461 911 564 963 δύο
612 907 673 963 δὲ
721 908 1068 979 ἐλαττώματα
1115 910 1363 978 δέδοικα,
1410 911 1511 979 τὴν
1557 910 1778 979 ἡλικίαν
1822 913 1925 981 τὴν

225 1000 462 1067 ἐμαυτοῦ
502 998 593 1053 καὶ
632 1001 734 1068 τὴν
773 1007 872 1053 τοῦ
913 999 1095 1067 λέγειν
1134 1000 1405 1070 ἀπειρίαν.
1450 1009 1566 1063 τοῖς
1604 998 1706 1070 μὲν
1744 1002 1849 1071 γὰρ
1887 1000 1920 1070 ἢ

159 1112 201 1145 10
226 1091 304 1152 είς
343 1098 513 1160 γῆρας
552 1089 787 1157 ἥκουσιν
827 1089 860 1158 ἢ
899 1091 999 1143 τὸν
1037 1087 1162 1157 περὶ
1202 1090 1264 1141 τὸ
1304 1093 1446 1159 βῆμα
1486 1091 1614 1157 βίον
1653 1089 1828 1153 εὐθὺς
1866 1089 1920 1154 ἐξ

225 1178 393 1248 ἀρχῆς
430 1177 749 1249 ᾑρημένοις,
797 1187 913 1241 τοῖς
952 1175 1054 1247 μὲν
1094 1178 1122 1231 ὁ
1162 1180 1359 1247 χρόνος
1400 1178 1593 1231 δίδωσι
1633 1180 1811 1232 πολλὰ
1850 1182 1923 1233 εἰ-
2003 1249 2005 1252 v

225 1268 404 1337 δέναι,
461 1279 576 1331 τοῖς
623 1268 685 1322 δὲ
731 1269 764 1337 ἡ
811 1267 1004 1337 μελέτη
1052 1269 1148 1330 τὰς
1194 1266 1320 1338 περὶ
1367 1269 1428 1322 τὸ
1477 1267 1661 1335 λέγειν
1706 1267 1920 1338 τέχνας·

225 1357 328 1427 ἐγὼ
371 1357 437 1410 δέ
471 1359 580 1427 εἰμι
621 1358 722 1426 μὲν
762 1362 1085 1426 τηλικοῦτος
1123 1357 1318 1425 ἡλίκον
1357 1356 1536 1426 ὁρᾶτε,
1576 1358 1816 1425 βεβίωκα
1860 1355 1922 1411 δὲ

223 1445 284 1500 ἐν
324 1447 529 1516 ὅπλοις,
568 1448 707 1500 ὥστε
748 1447 882 1501 ὅσον
921 1466 1014 1516 μοι
1053 1453 1152 1499 τοῦ
1194 1447 1387 1511 σώζειν
1423 1447 1526 1514 τὴν
1555 1448 1793 1516 πατρίδα
1825 1447 1921 1499 δύ·
2003 1482 2007 1488 ·

156 1558 198 1591 15
223 1541 433 1589 νασθαι
479 1539 746 1606 περίεστι,
796 1543 1067 1590 τοσοῦτον
1113 1543 1212 1589 τοῦ
1259 1534 1442 1604 λέγειν
1490 1537 1690 1599 ἱκανῶς
1729 1535 1921 1589 ἀπολέ-

223 1629 456 1694 λειμμαι.
521 1625 567 1677 6.
610 1623 726 1678 ἀλλ’
775 1627 826 1678 ει’
870 1622 971 1694 μὲν
1018 1634 1130 1678 τῶν
1181 1624 1282 1694 οὐχ
1327 1623 1510 1693 ἡδέων
1555 1645 1607 1677 τι
1646 1632 1721 1698 τῷ
1753 1626 1916 1693 πατρὶ

220 1713 311 1768 καὶ
351 1722 459 1768 νῦν
505 1713 840 1784 ἐπήγγελλον
886 1713 977 1767 καὶ
1023 1715 1084 1768 τὸ
1134 1716 1515 1783 λυπηρότατον
1561 1722 1725 1768 τοῦτο
1773 1714 1916 1784 ῥῆμα

221 1802 410 1876 ἐκείνῳ
474 1803 830 1873 ἐφθεγγόμην
890 1805 951 1857 τὸ
1006 1811 1118 1856 τῶν
1173 1805 1510 1873 διαλλαγῶν,
1573 1805 1794 1866 εἰκότως
1848 1803 1919 1856 ἂν

221 1893 394 1956 εὐθὺς
435 1892 671 1955 ἀναστὰς
711 1892 1026 1961 ἐπεστόμιζέ
1059 1913 1124 1960 με
1162 1896 1385 1946 πολλῶν
1429 1892 1918 1960 πλεονεκτημάτων

153 2004 197 2036 20
221 1983 297 2044 εἰς
350 1983 410 2035 τὸ
467 1992 688 2052 κρατεῖν
744 1982 1021 2050 εὐπορῶν·
1077 1980 1193 2034 ἐπεὶ
1249 1977 1310 2034 δὲ
1366 1974 1449 2044 οἷς
1502 1982 1607 2050 ἤδη
1658 1982 1917 2050 πεποίηκε

218 2072 559 2140 προστίθημι
597 2073 950 2140 παραπλήσια
988 2071 1079 2124 καὶ
1110 2079 1230 2133 ταῖς
1261 2069 1582 2138 ἐπιθυμίαις
1616 2071 1916 2138 συναγωνί-

130 2164 353 2209 RIV689
402 2162 555 2228 ζομαι
591 2156 598 2230 Ι
632 2167 731 2212 τοῦ
771 2161 1000 2228 πατρός,
1048 2159 1150 2212 οὐκ
1189 2153 1315 2212 οἶδα
1354 2157 1483 2212 ἀνθ’
1531 2159 1663 2212 ὅτου
1700 2179 1794 2226 μοι
1836 2160 1916 2212 δι-

219 2250 386 2311 καίως
426 2247 674 2300 ἀντείποι
713 2246 805 2301 καὶ
847 2251 1161 2318 φιλονεικίᾳ
1207 2249 1467 2318 χρήσαιτο
1507 2248 1644 2316 πρὸς
1682 2248 1780 2300 τὸν
1819 2247 1915 2300 αὑ-

219 2345 317 2390 τοῦ
360 2338 614 2406 ζηλωτήν.

153 2447 194 2480 25
335 2426 379 2477 7.
406 2424 526 2479 Ἵνα
567 2423 644 2491 δέ,
687 2422 727 2478 ὦ
771 2427 1040 2494 δικασταί,
1080 2428 1153 2494 μή
1193 2445 1258 2494 με
1298 2425 1494 2493 οἴησθε
1533 2425 1598 2488 τὰ
1637 2425 1739 2494 μὲν
1778 2425 1917 2496 πρὸς
1986 2422 1988 2426 ’

341 2562 363 2599 1
399 2555 616 2615 ἀπορήτῳ
640 2557 684 2600 L
712 2558 717 2611 Ι
746 2554 892 2607 οὕτως
915 2557 1009 2601 Ath
1153 2562 1180 2600 4
1210 2572 1255 2599 τι
1280 2556 1394 2628 post
1421 2555 1639 2613 δυσχερὲς
1667 2556 1800 2612 repet
1822 2556 1917 2600 Ath

339 2620 364 2659 5
399 2615 499 2671 ἐμοὶ
527 2617 634 2660 Mos
763 2618 789 2657 8
823 2615 895 2673 δὲ]
928 2615 1016 2673 γὰρ
1044 2618 1089 2660 Β
1219 2619 1244 2658 9
1277 2631 1305 2670 η
1337 2629 1413 2659 om
1439 2616 1532 2659 Ath
1663 2619 1716 2658 15
1749 2613 1915 2659 ἀπολέ-

220 2678 359 2731 λυμαι
386 2677 493 2719 Mos
638 2678 691 2717 16
731 2671 775 2717 τί
807 2675 852 2718 Β
999 2679 1052 2718 17
1093 2674 1370 2731 ἐπήγγελλον
1410 2673 1574 2729 scripsi
1608 2687 1632 2716 e
1655 2674 1840 2718 PAthB

220 2733 468 2790 ἐπήγγελον
494 2734 648 2778 LMos
679 2733 770 2776 edd
895 2737 947 2776 18
981 2735 1132 2779 έκεῖνο
1158 2734 1203 2776 Β
1246 2735 1251 2786 Ι
1296 2735 1554 2789 διαλλαγῶν
1588 2746 1664 2776 om
1690 2734 1798 2777 Mos

223 2797 275 2836 19
310 2793 455 2842 εὐθὺς
483 2791 652 2848 boripsi
688 2793 876 2836 auctore
908 2792 976 2836 Re
1050 2789 1194 2844 αὖθις
1225 2792 1334 2836 libri
1366 2792 1456 2836 edd
1605 2795 1661 2834 23
1703 2792 1847 2835 αὐτοῦ
1871 2791 1916 2836 L

222 2883 469 2927 PAthMos
495 2881 584 2924 edd
715 2885 770 2924 25
795 2852 853 2923 ⁷92
880 2881 973 2924 Am
1022 2879 1036 2935 ι·
1079 2880 1245 2937 ozam&
1278 2880 1442 2937 scripsi
1479 2882 1534 2923 ιιι
1565 2879 1670 2922 coni
1703 2879 1770 2922 Re
1804 2923 1826 2941 ,
1849 2877 1913 2922 οἵ.

224 2972 333 3013 εσθε
359 2970 654 3013 PAthMosB
686 2968 777 3012 edd
839 2954 1026 3013 οἴεσθῗκι
1053 2969 1095 3014 L
