2020 3146
83 107 276 153 AVARI
310 105 387 152 OB
412 105 749 151 TALENTUM
771 103 1144 150 AESCULAPIO
1170 103 1388 150 VOTUM
1410 103 1604 149 ABDIC.
1671 104 1772 157 121

87 257 228 296 σατε.
282 242 427 296 οὕτω
479 243 583 312 γὰρ
633 240 703 294 ἂν
748 242 839 294 καὶ
885 242 947 294 τὸ
995 239 1256 309 μέγιστον
1301 249 1401 294 τοῦ
1446 240 1778 309 ἀδικήματος

85 332 370 401 γνώσεσθε
417 332 509 385 καὶ
556 331 629 394 ὡς
683 330 784 383 οὐκ
835 328 924 383 ἐπὶ
970 339 1086 393 τοῖς
1131 338 1398 399 τυχοῦσιν
1445 328 1776 398 ἐκβάλλεται.

196 421 244 474 6.
289 418 444 489 Ἐμοὶ
497 423 618 489 βίος
670 415 741 488 ἧν
793 419 1096 486 εὐδαίμων,
1145 415 1186 472 ὦ
1234 419 1458 488 ἄνδρες,
1512 419 1614 472 οὐκ
1661 419 1776 486 εἰκῆ

85 510 500 578 δαπανώμενος,
552 508 689 561 ἀλλὰ
727 518 846 571 ταῖς
883 506 1010 560 καθ’
1059 507 1268 577 ἡμέραν
1307 507 1577 570 ἐπινοίαις
1615 506 1778 571 αὐξα-

85 599 326 667 νόμενος.
369 599 461 651 διὰ
499 605 671 650 ταῦτα
707 595 796 650 καὶ
830 598 932 665 τὴν
963 596 1071 649 ἀπὸ
1103 603 1203 650 τοῦ
1235 597 1416 666 γάμου
1447 599 1778 666 πολιορκίαν
1824 612 1844 649 ὅ

85 687 348 756 ὑπέμεινα
380 687 471 740 καὶ
502 695 741 755 γυναῖκα
771 685 1058 754 ἠγαγόμην
1089 685 1191 755 οὐχ
1216 686 1332 757 ὥρᾳ
1361 686 1599 748 κάλλους
1628 687 1779 756 περί-

84 779 347 845 βλεπτον,
395 773 510 829 ἀλλ’
558 771 620 828 εὖ
660 775 949 844 κτημάτων
988 777 1239 844 ἔχουσαν.
1295 778 1353 828 τί
1385 775 1490 845 γὰρ
1531 775 1637 827 ἀπὸ
1677 781 1778 827 τοῦ

84 865 322 928 κάλλους
368 865 691 934 ἀνθρώποις
741 866 966 932 ὄφελος-ς
1023 864 1089 918 οὐ
1145 866 1250 933 γὰρ
1300 861 1469 918 οἶδεν.
1502 863 1531 917 ὁ
1578 867 1780 931 κλῆρος

85 954 145 1007 ἐκ
189 955 404 1008 τούτων
450 951 732 1017 αὔξεσθαι.
789 954 882 1006 διὰ
928 960 1100 1007 ταῦτα
1147 961 1289 1022 γοῦν
1335 952 1642 1022 ἐπειθόμην
1684 972 1780 1019 γα-

83 1053 224 1113 μεῖν,
265 1044 366 1113 οὐχ
405 1044 498 1096 ἵνα
537 1063 631 1112 μοι
666 1043 909 1112 πονηρὸς
948 1042 1166 1111 γένοιτο
1198 1052 1343 1111 παῖς,
1376 1041 1496 1095 ἀλλ’
1533 1043 1626 1096 ἵνα
1664 1051 1780 1104 τοῖς
1803 1061 1848 1094 10

82 1141 183 1186 τοῦ
236 1133 443 1202 πατρὸς
497 1132 852 1202 ἀκολουθήσῃ
906 1134 1134 1202 τρόποις
1185 1141 1550 1202 συνευπορῶν
1590 1130 1596 1202 Ι
1644 1135 1764 1179 RIV
1783 1138 1868 1179 657

84 1221 203 1289 ἐμοὶ
248 1222 339 1275 καὶ
387 1220 680 1284 συναύξων
733 1222 834 1275 τὸν
878 1226 1099 1290 κλῆρον.
1166 1222 1211 1274 7.
1258 1223 1431 1284 πόσας
1477 1220 1671 1275 οἴεσθέ
1713 1241 1779 1291 με

83 1316 436 1380 παρῃτῆσθαι
497 1320 786 1379 γυναῖκας-ς
847 1318 928 1382 τῷ
993 1312 1189 1379 δεῖνι,
1254 1313 1416 1380 φησί,
1478 1310 1778 1380 θυγάτηρ

85 1398 221 1453 ἐστὶ
267 1400 490 1452 κάλλει
539 1398 644 1452 καὶ
691 1399 869 1468 γένει
919 1402 1366 1468 περίβλεπτος.
1422 1400 1477 1453 τί
1514 1396 1618 1453 οὖν
1657 1397 1776 1468 ε’μοὶ

84 1497 183 1542 τοῦ
237 1488 435 1556 γένους
490 1489 657 1557 αὐτῆς
711 1487 743 1557 ἢ
798 1496 893 1556 τῆς
946 1496 1047 1542 τοῦ
1110 1489 1347 1552 κάλλους
1408 1489 1554 1560 ὥρας
1607 1487 1779 1558 μέλει;
1804 1506 1846 1539 15

85 1579 250 1640 ἄλλος
303 1579 478 1647 ἄλλην
530 1579 700 1631 πάλιν
754 1577 1029 1645 ἐθαύμαζε
1081 1580 1256 1647 καλὴν
1308 1577 1434 1647 μέν,
1497 1575 1613 1630 ἀλλ’
1678 1577 1779 1630 οὐκ

85 1667 339 1735 εὔπορον.
379 1669 501 1720 τότε
539 1663 641 1734 μὲν
681 1667 812 1720 οὐδὲ
843 1666 1068 1720 ἀκούειν
1099 1666 1333 1720 ἐδόκουν
1366 1674 1466 1720 τοῦ
1506 1666 1777 1735 λέγοντος.

84 1756 132 1809 8.
171 1756 262 1808 καὶ
301 1758 384 1818 τίς
421 1761 603 1808 ποθεν
642 1756 970 1825 ἀνεφαίνετο
1010 1765 1122 1809 τῶν
1152 1757 1300 1809 πάνυ
1332 1759 1629 1827 γνωρίμων
1659 1755 1779 1825 ἐμοὶ

85 1845 350 1912 γυναικὸς
395 1847 615 1914 μνήμην
661 1845 992 1911 ποιούμενος
1044 1844 1136 1898 καὶ
1188 1843 1338 1898 πάνυ
1392 1864 1479 1913 γε,
1535 1845 1607 1907 ὡς
1652 1842 1778 1913 ἔφη,

87 1938 348 2003 λαμπρᾶς.
410 1934 513 1987 οὐκ
567 1932 834 2002 ἐπείσθην
888 1933 1020 1986 οὐδὲ
1074 1933 1365 2000 ἀπέβλεψα.
1423 1934 1452 1988 ὁ
1501 1930 1562 1987 δὲ
1612 1935 1780 1986 πάλιν
1804 1952 1850 1984 20'

206 2099 227 2137 1
264 2092 343 2153 ἂν]
371 2094 430 2150 δὴ
456 2093 710 2139 Cobet1.1.
737 2095 786 2137 ab
810 2092 867 2137 of.
895 2094 957 2137 ad
979 2109 1024 2151 p.
1046 2098 1212 2148 120,14
1241 2097 1247 2151 1
1275 2093 1473 2152 μέγεθος
1489 2093 1636 2138 Cobet
1662 2096 1668 2150 Ι
1696 2101 1779 2138 τοῦ

85 2153 262 2198 inserui
293 2167 318 2198 e
345 2153 465 2199 OrH
468 2155 571 2198 VM
577 2154 725 2197 VaLa
800 2166 875 2196 om
900 2154 946 2197 Β
979 2154 1070 2197 edd
1213 2159 1238 2197 2
1271 2154 1515 2230 γνώσησθε
1539 2155 1614 2198 La
1662 2156 1669 2210 Ι
1719 2153 1780 2204 ὡς

87 2226 162 2257 om
193 2213 305 2256 Feri·
329 2213 431 2257 Mor
551 2217 577 2256 3
610 2212 694 2269 μὲν
717 2214 826 2269 post·
850 2211 951 2268 ἐμοὶ
974 2214 1020 2257 Β
1048 2215 1056 2269 Ι
1084 2211 1334 2269 εὐδαίμων,
1360 2209 1395 2256 ὦ
1421 2212 1590 2268 ἄνδρες
1613 2212 1779 2268 scripsi

87 2286 111 2316 e
131 2273 415 2317 GrHVLaB
479 2267 513 2316 ὦ
538 2272 707 2326 ἄνδρες
731 2269 968 2327 εὐδαίμων
986 2274 1048 2317 M
1054 2273 1123 2317 Va
1154 2272 1246 2316 edd
1367 2276 1394 2315 4
1425 2271 1703 2329 καθημέραν
1728 2273 1787 2316 Η

95 2332 165 2376 Va
301 2337 326 2375 5
360 2335 587 2377 διαταῦτα
614 2333 659 2376 Β
797 2335 821 2374 6
853 2328 1033 2398 ἠγόμην
1057 2332 1118 2375 Μ
1145 2334 1192 2376 et
1224 2349 1278 2390 γρ
1311 2332 1362 2375 in
1392 2345 1527 2389 marg
1557 2331 1661 2375 Mor

89 2395 112 2434 7
144 2388 191 2434 τί
215 2417 268 2423 -
297 2396 322 2434 9
357 2390 586 2445 αὔξεσθαι
625 2389 894 2447 praemissis
932 2390 1085 2435 verbis
1123 2396 1205 2447 τῆς
1243 2390 1428 2447 μελέτης
1467 2390 1517 2435 ἐν
1551 2383 1580 2450 ᾖ
1616 2388 1779 2446 φιλάρ-

86 2465 226 2524 γυρος
264 2450 574 2506 ἀποκηρύττει
613 2450 697 2494 τὸν
734 2450 885 2493 παῖδα
925 2449 996 2495 οτι
1034 2457 1285 2501 νοσοῦντος
1323 2451 1466 2495 αὐτοῦ
1500 2448 1524 2494 ὁ
1564 2457 1678 2500 παῖς
1714 2452 1779 2509 τῷ

86 2507 330 2583 Ασκληπιῷ
353 2509 584 2553 τάλαντον
606 2508 779 2565 ηὔξατο
805 2508 922 2552 citat
937 2509 1172 2554 Macarius
1190 2508 1590 2566 Chrysocephalus
1615 2508 1681 2553 fol
1698 2494 1780 2552 80⁴

145 2565 191 2611 τί
229 2566 317 2624 γὰρ
335 2568 464 2641 ἀπὸ]
499 2567 638 2613 οὐδὲν
669 2567 829 2611 Macar
971 2574 997 2612 8
1038 2569 1093 2613 οὐ
1125 2568 1235 2627 γὰρ]
1268 2567 1455 2623 ἐπείπερ
1496 2569 1581 2613 οὐκ
1620 2567 1780 2612 Macar

208 2631 233 2670 9
265 2626 431 2671 τούτου
462 2627 623 2671 Macar
671 2634 678 2682 Ι
728 2629 958 2671 διαταῠτα
981 2629 1028 2671 Β
1077 2629 1084 2684 Ι
1133 2635 1298 2684 γαμεῖν
1330 2624 1590 2684 ἐπειθόμην
1613 2629 1660 2694 Β

89 2688 144 2729 10
176 2683 364 2742 γένηται
389 2688 434 2731 Β
557 2691 610 2731 12
648 2685 954 2739 συναυξάνων
976 2688 1022 2731 Β
1072 2689 1078 2744 Ι
1121 2703 1199 2742 μοι
1222 2687 1329 2731 HV
1384 2686 1614 2742 scriptura.
1644 2686 1693 2729 in
1720 2685 1780 2730 C'r

87 2744 268 2788 incerta
413 2750 466 2788 13
506 2748 842 2801 παραιτεῖσθαι
863 2747 910 2790 Β
1055 2751 1110 2790 14
1148 2746 1272 2803 γένει
1302 2746 1383 2790 καὶ
1414 2745 1568 2790 κάλλει
1592 2747 1638 2789 Β

91 2807 144 2846 15
176 2810 258 2860 τῆς
289 2817 364 2847 om
392 2805 447 2849 H
450 2805 564 2849 VLa
627 2804 856 2861 scriptura
887 2804 937 2848 in
964 2804 1024 2850 Or
1055 2805 1235 2848 incerta
1262 2808 1328 2862 Ιμ
1330 2805 1444 2849 έλλει
1473 2806 1589 2849 ΗΜ
1596 2805 1665 2848 Va
1696 2802 1778 2847 sed

87 2862 137 2906 in
175 2861 264 2906 hoc
294 2865 391 2920 λ(2)
431 2876 532 2907 eras
609 2863 841 2919 scriptura
878 2864 928 2907 in
955 2863 1015 2908 Cr
1052 2864 1234 2908 incerta
1377 2869 1432 2907 19
1475 2864 1555 2907 καὶ
1586 2877 1662 2906 om
1687 2863 1732 2906 Β
1768 2861 1772 2918 l

88 2920 207 2977 ἔφην
231 2922 307 2965 La
428 2927 484 2966 20
516 2920 622 2967 οὐδ’
650 2922 726 2967 La
