<?xml version="1.0" encoding="UTF-8"?>
<!DOCTYPE html PUBLIC "-//W3C//DTD XHTML 1.0 Transitional//EN"
    "http://www.w3.org/TR/xhtml1/DTD/xhtml1-transitional.dtd">
<html xmlns="http://www.w3.org/1999/xhtml" xml:lang="en" lang="en">
 <head>
  <title>
</title>
<meta http-equiv="Content-Type" content="text/html;charset=utf-8" />
  <meta name='ocr-system' content='tesseract 3.04.00' />
  <meta name='ocr-capabilities' content='ocr_page ocr_carea ocr_par ocr_line ocrx_word'/>
</head>
<body>
  <div class='ocr_page' id='page_1' title='image "./operarecensuitri07libauoft_0595.png"; bbox 0 0 2014 3158; ppageno 0'>
   <div class='ocr_carea' id='block_1_1' title="bbox 543 132 1794 187">
    <p class='ocr_par' dir='ltr' id='par_1_1' title="bbox 543 132 1794 187">
     <span class='ocr_line' id='line_1_1' title="bbox 543 132 1794 187; baseline 0.007 -9"><span class='ocrx_word' id='word_1_1' title='bbox 543 132 683 178; x_wconf 84' lang='lat' dir='ltr'><strong>FILII</strong></span> <span class='ocrx_word' id='word_1_2' title='bbox 714 132 998 178; x_wconf 83' lang='lat' dir='ltr'>ABDIOATI</span> <span class='ocrx_word' id='word_1_3' title='bbox 1028 133 1327 179; x_wconf 84' lang='lat' dir='ltr'><strong>DEFENSIO</strong></span> <span class='ocrx_word' id='word_1_4' title='bbox 1686 134 1794 187; x_wconf 74' lang='grc'><strong><em>577</em></strong></span> 
     </span>
    </p>
   </div>
   <div class='ocr_carea' id='block_1_2' title="bbox 101 264 1864 782">
    <p class='ocr_par' dir='ltr' id='par_1_2' title="bbox 101 264 1864 782">
     <span class='ocr_line' id='line_1_2' title="bbox 212 264 1798 340; baseline 0.001 -18"><span class='ocrx_word' id='word_1_5' title='bbox 212 267 299 322; x_wconf 84' lang='grc'><strong><em>51.</em></strong></span> <span class='ocrx_word' id='word_1_6' title='bbox 350 271 441 332; x_wconf 84' lang='grc' dir='ltr'><strong><em>Τίς</em></strong></span> <span class='ocrx_word' id='word_1_7' title='bbox 488 264 592 323; x_wconf 89' lang='grc' dir='ltr'><strong><em>οὖν</em></strong></span> <span class='ocrx_word' id='word_1_8' title='bbox 638 268 753 323; x_wconf 80' lang='grc' dir='ltr'><strong><em>ἐστι</em></strong></span> <span class='ocrx_word' id='word_1_9' title='bbox 798 272 1149 339; x_wconf 74' lang='grc' dir='ltr'><strong><em>παραμυθίας</em></strong></span> <span class='ocrx_word' id='word_1_10' title='bbox 1198 273 1391 340; x_wconf 80' lang='grc' dir='ltr'><strong><em>κρότος</em></strong></span> <span class='ocrx_word' id='word_1_11' title='bbox 1430 269 1460 324; x_wconf 85' lang='grc' dir='ltr'>ὁ</span> <span class='ocrx_word' id='word_1_12' title='bbox 1500 271 1648 339; x_wconf 79' lang='grc' dir='ltr'><strong><em>παρὰ</em></strong></span> <span class='ocrx_word' id='word_1_13' title='bbox 1685 279 1798 323; x_wconf 82' lang='grc' dir='ltr'><strong><em>τῶν</em></strong></span> 
     </span>
     <span class='ocr_line' id='line_1_3' title="bbox 101 355 1797 430; baseline 0.001 -19"><span class='ocrx_word' id='word_1_14' title='bbox 101 361 438 429; x_wconf 78' lang='grc' dir='ltr'><strong><em>σωφρόνων,</em></strong></span> <span class='ocrx_word' id='word_1_15' title='bbox 485 355 713 421; x_wconf 82' lang='grc' dir='ltr'><strong><em>ἔπαινος</em></strong></span> <span class='ocrx_word' id='word_1_16' title='bbox 753 357 782 412; x_wconf 87' lang='grc' dir='ltr'>ὁ</span> <span class='ocrx_word' id='word_1_17' title='bbox 822 367 934 411; x_wconf 87' lang='grc' dir='ltr'><strong><em>τῶν</em></strong></span> <span class='ocrx_word' id='word_1_18' title='bbox 980 356 1422 428; x_wconf 78' lang='grc' dir='ltr'><strong><em>ἐπιεικεστέρων,</em></strong></span> <span class='ocrx_word' id='word_1_19' title='bbox 1469 360 1681 430; x_wconf 81' lang='grc' dir='ltr'><strong><em>ῥήματα</em></strong></span> <span class='ocrx_word' id='word_1_20' title='bbox 1730 360 1797 413; x_wconf 85' lang='grc' dir='ltr'><strong><em>τὰ</em></strong></span> 
     </span>
     <span class='ocr_line' id='line_1_4' title="bbox 101 445 1798 517; baseline 0.001 -17"><span class='ocrx_word' id='word_1_21' title='bbox 101 451 306 516; x_wconf 75' lang='grc' dir='ltr'><strong><em>πολλῆς</em></strong></span> <span class='ocrx_word' id='word_1_22' title='bbox 368 447 560 510; x_wconf 77' lang='grc' dir='ltr'><em>οὐσίας</em></span> <span class='ocrx_word' id='word_1_23' title='bbox 623 448 983 517; x_wconf 83' lang='grc' dir='ltr'><strong><em>λαμπρότερα.</em></strong></span> <span class='ocrx_word' id='word_1_24' title='bbox 1049 445 1246 500; x_wconf 80' lang='grc' dir='ltr'><strong><em>πολλοὶ</em></strong></span> <span class='ocrx_word' id='word_1_25' title='bbox 1309 451 1798 517; x_wconf 83' lang='grc' dir='ltr'><strong><em>φιλονεικήσουσιν</em></strong></span> 
     </span>
     <span class='ocr_line' id='line_1_5' title="bbox 102 532 1797 607; baseline 0.001 -19"><span class='ocrx_word' id='word_1_26' title='bbox 102 536 242 606; x_wconf 80' lang='grc' dir='ltr'><strong><em>ὑπὲρ</em></strong></span> <span class='ocrx_word' id='word_1_27' title='bbox 275 543 371 605; x_wconf 82' lang='grc' dir='ltr'><strong><em>τῆς</em></strong></span> <span class='ocrx_word' id='word_1_28' title='bbox 402 537 480 598; x_wconf 80' lang='grc' dir='ltr'><strong><em>εἰς</em></strong></span> <span class='ocrx_word' id='word_1_29' title='bbox 513 534 605 605; x_wconf 76' lang='grc' dir='ltr'><strong><em>ἐμὲ</em></strong></span> <span class='ocrx_word' id='word_1_30' title='bbox 635 537 914 607; x_wconf 76' lang='grc' dir='ltr'><strong><em>προνοίας.</em></strong></span> <span class='ocrx_word' id='word_1_31' title='bbox 950 537 998 589; x_wconf 76' lang='grc' dir='ltr'><strong><em>εἰ</em></strong></span> <span class='ocrx_word' id='word_1_32' title='bbox 1030 533 1078 589; x_wconf 76' lang='grc' dir='ltr'><strong><em>δ’</em></strong></span> <span class='ocrx_word' id='word_1_33' title='bbox 1116 532 1220 589; x_wconf 83' lang='grc' dir='ltr'><strong><em>οὖν</em></strong></span> <span class='ocrx_word' id='word_1_34' title='bbox 1250 539 1603 607; x_wconf 81' lang='grc' dir='ltr'><strong><em>πανταχόθεν</em></strong></span> <span class='ocrx_word' id='word_1_35' title='bbox 1635 535 1797 607; x_wconf 80' lang='grc' dir='ltr'><strong><em>ἐξειρ-</em></strong></span> 
     </span>
     <span class='ocr_line' id='line_1_6' title="bbox 103 624 1864 696; baseline 0.001 -19"><span class='ocrx_word' id='word_1_36' title='bbox 103 626 329 694; x_wconf 80' lang='grc' dir='ltr'><strong><em>γοίμην,</em></strong></span> <span class='ocrx_word' id='word_1_37' title='bbox 383 624 542 693; x_wconf 85' lang='grc' dir='ltr'><strong><em>ἀρκεῖ</em></strong></span> <span class='ocrx_word' id='word_1_38' title='bbox 583 645 677 694; x_wconf 89' lang='grc' dir='ltr'><strong><em>μοι</em></strong></span> <span class='ocrx_word' id='word_1_39' title='bbox 723 633 887 679; x_wconf 90' lang='grc' dir='ltr'><strong><em>τοῦτο</em></strong></span> <span class='ocrx_word' id='word_1_40' title='bbox 941 626 1080 695; x_wconf 81' lang='grc' dir='ltr'><strong><em>πρὸς</em></strong></span> <span class='ocrx_word' id='word_1_41' title='bbox 1133 625 1365 694; x_wconf 79' lang='grc' dir='ltr'><strong><em>ἡδονήν·</em></strong></span> <span class='ocrx_word' id='word_1_42' title='bbox 1419 630 1651 696; x_wconf 82' lang='grc' dir='ltr'><strong><em>θρηνῶν</em></strong></span> <span class='ocrx_word' id='word_1_43' title='bbox 1696 627 1798 695; x_wconf 87' lang='grc' dir='ltr'><strong><em>τὴν</em></strong></span> <span class='ocrx_word' id='word_1_44' title='bbox 1843 647 1864 680; x_wconf 83' lang='lat'><strong>5</strong></span> 
     </span>
     <span class='ocr_line' id='line_1_7' title="bbox 101 712 725 782; baseline 0 -16"><span class='ocrx_word' id='word_1_45' title='bbox 101 723 338 781; x_wconf 77' lang='grc' dir='ltr'><strong><em>γυναῖκα</em></strong></span> <span class='ocrx_word' id='word_1_46' title='bbox 375 712 725 782; x_wconf 82' lang='grc' dir='ltr'><strong><em>τεθνήξομαι.</em></strong></span> 
     </span>
    </p>
   </div>
   <div class='ocr_carea' id='block_1_3' title="bbox 103 818 457 825">
    <p class='ocr_par' dir='ltr' id='par_1_3' title="bbox 103 818 457 825">
     <span class='ocr_line' id='line_1_8' title="bbox 103 818 457 825; baseline 0 0"><span class='ocrx_word' id='word_1_47' title='bbox 103 818 457 825; x_wconf 95' lang='lat' dir='ltr'><strong><em> </em></strong></span> 
     </span>
    </p>
   </div>
   <div class='ocr_carea' id='block_1_4' title="bbox 0 866 1797 1109">
    <p class='ocr_par' dir='ltr' id='par_1_4' title="bbox 219 866 1797 931">
     <span class='ocr_line' id='line_1_9' title="bbox 219 866 1797 931; baseline 0.001 -14"><span class='ocrx_word' id='word_1_48' title='bbox 219 877 243 917; x_wconf 92' lang='grc'>1</span> <span class='ocrx_word' id='word_1_49' title='bbox 276 871 322 917; x_wconf 85' lang='grc' dir='ltr'><strong><em>τί</em></strong></span> <span class='ocrx_word' id='word_1_50' title='bbox 345 874 409 918; x_wconf 78' lang='lat' dir='ltr'><strong><em>In&#39;</em></strong></span> <span class='ocrx_word' id='word_1_51' title='bbox 446 875 452 931; x_wconf 82' lang='grc' dir='ltr'>Ι</span> <span class='ocrx_word' id='word_1_52' title='bbox 495 872 619 918; x_wconf 70' lang='grc' dir='ltr'><strong><em>ἐστιν</em></strong></span> <span class='ocrx_word' id='word_1_53' title='bbox 645 874 699 918; x_wconf 81' lang='lat' dir='ltr'><strong><em>Ol</em></strong></span> <span class='ocrx_word' id='word_1_54' title='bbox 732 875 738 931; x_wconf 90' lang='grc' dir='ltr'>Ι</span> <span class='ocrx_word' id='word_1_55' title='bbox 773 873 938 930; x_wconf 82' lang='grc' dir='ltr'><strong><em>κρότος</em></strong></span> <span class='ocrx_word' id='word_1_56' title='bbox 969 888 1045 919; x_wconf 91' lang='lat' dir='ltr'><strong><em>om</em></strong></span> <span class='ocrx_word' id='word_1_57' title='bbox 1072 875 1218 920; x_wconf 79' lang='lat' dir='ltr'><em>Maol</em></span> <span class='ocrx_word' id='word_1_58' title='bbox 1253 877 1259 930; x_wconf 76' lang='grc' dir='ltr'>Ι</span> <span class='ocrx_word' id='word_1_59' title='bbox 1295 872 1319 918; x_wconf 89' lang='grc' dir='ltr'><strong>ὁ</strong></span> <span class='ocrx_word' id='word_1_60' title='bbox 1351 874 1401 918; x_wconf 88' lang='lat' dir='ltr'><strong><em>in</em></strong></span> <span class='ocrx_word' id='word_1_61' title='bbox 1431 866 1509 918; x_wconf 60' lang='lat' dir='ltr'><strong><em>ras</em></strong></span> <span class='ocrx_word' id='word_1_62' title='bbox 1536 874 1609 921; x_wconf 65' lang='grc' dir='ltr'><strong><em>ΟΡ</em></strong></span> <span class='ocrx_word' id='word_1_63' title='bbox 1642 881 1649 930; x_wconf 81' lang='lat'>1</span> <span class='ocrx_word' id='word_1_64' title='bbox 1690 875 1797 929; x_wconf 85' lang='grc' dir='ltr'><strong><em>περὶ</em></strong></span> 
     </span>
    </p>

    <p class='ocr_par' dir='ltr' id='par_1_5' title="bbox 100 931 1797 991">
     <span class='ocr_line' id='line_1_10' title="bbox 100 931 1797 991; baseline 0.001 -15"><span class='ocrx_word' id='word_1_65' title='bbox 100 932 326 978; x_wconf 76' lang='lat' dir='ltr'><em>LaMaol</em></span> <span class='ocrx_word' id='word_1_66' title='bbox 356 933 439 977; x_wconf 84' lang='lat' dir='ltr'><strong><em>sed</em></strong></span> <span class='ocrx_word' id='word_1_67' title='bbox 469 933 519 976; x_wconf 88' lang='lat' dir='ltr'><strong><em>in</em></strong></span> <span class='ocrx_word' id='word_1_68' title='bbox 550 933 639 977; x_wconf 84' lang='lat' dir='ltr'><strong><em>hoo</em></strong></span> <span class='ocrx_word' id='word_1_69' title='bbox 670 934 720 977; x_wconf 89' lang='lat' dir='ltr'><strong><em>in</em></strong></span> <span class='ocrx_word' id='word_1_70' title='bbox 750 948 825 978; x_wconf 78' lang='lat' dir='ltr'><strong><em>ras</em></strong></span> <span class='ocrx_word' id='word_1_71' title='bbox 856 933 927 977; x_wconf 80' lang='lat' dir='ltr'><strong><em>m⁸</em></strong></span> <span class='ocrx_word' id='word_1_72' title='bbox 1063 939 1088 978; x_wconf 83' lang='lat'>2</span> <span class='ocrx_word' id='word_1_73' title='bbox 1122 931 1339 991; x_wconf 70' lang='grc' dir='ltr'><strong><em>ῥημάτων</em></strong></span> <span class='ocrx_word' id='word_1_74' title='bbox 1363 935 1422 979; x_wconf 89' lang='lat' dir='ltr'><em>H</em></span> <span class='ocrx_word' id='word_1_75' title='bbox 1426 935 1637 980; x_wconf 66' lang='lat' dir='ltr'><strong><em>VIAMB</em></strong></span> <span class='ocrx_word' id='word_1_76' title='bbox 1648 935 1719 980; x_wconf 85' lang='lat' dir='ltr'><strong><em>Va</em></strong></span> <span class='ocrx_word' id='word_1_77' title='bbox 1749 936 1797 979; x_wconf 70' lang='lat' dir='ltr'><strong><em>et</em></strong></span> 
     </span>
    </p>

    <p class='ocr_par' dir='ltr' id='par_1_6' title="bbox 0 991 1796 1109">
     <span class='ocr_line' id='line_1_11' title="bbox 0 991 1796 1051; baseline 0.001 -15"><span class='ocrx_word' id='word_1_78' title='bbox 0 1027 2 1031; x_wconf 62' lang='grc'>,</span> <span class='ocrx_word' id='word_1_79' title='bbox 100 1009 155 1049; x_wconf 77' lang='grc' dir='ltr'><strong><em>γρ</em></strong></span> <span class='ocrx_word' id='word_1_80' title='bbox 187 991 235 1036; x_wconf 86' lang='lat' dir='ltr'><strong><em>in</em></strong></span> <span class='ocrx_word' id='word_1_81' title='bbox 267 1005 402 1050; x_wconf 78' lang='lat' dir='ltr'>marg</span> <span class='ocrx_word' id='word_1_82' title='bbox 433 992 535 1037; x_wconf 90' lang='lat' dir='ltr'><strong><em>Mor</em></strong></span> <span class='ocrx_word' id='word_1_83' title='bbox 656 996 681 1036; x_wconf 84' lang='lat'><strong>3</strong></span> <span class='ocrx_word' id='word_1_84' title='bbox 715 992 768 1038; x_wconf 79' lang='grc' dir='ltr'><strong><em>δὲ</em></strong></span> <span class='ocrx_word' id='word_1_85' title='bbox 798 995 907 1050; x_wconf 73' lang='lat' dir='ltr'>post</span> <span class='ocrx_word' id='word_1_86' title='bbox 939 993 1100 1037; x_wconf 76' lang='grc' dir='ltr'><strong><em>πολλοὶ</em></strong></span> <span class='ocrx_word' id='word_1_87' title='bbox 1132 994 1177 1039; x_wconf 84' lang='lat' dir='ltr'><strong><em>V</em></strong></span> <span class='ocrx_word' id='word_1_88' title='bbox 1220 995 1227 1051; x_wconf 94' lang='grc' dir='ltr'>Ι</span> <span class='ocrx_word' id='word_1_89' title='bbox 1278 993 1681 1050; x_wconf 78' lang='grc' dir='ltr'><strong><em>φιλονεικήσουσιν</em></strong></span> <span class='ocrx_word' id='word_1_90' title='bbox 1706 994 1796 1038; x_wconf 84' lang='lat' dir='ltr'><strong><em>Ma</em></strong></span> 
     </span>
     <span class='ocr_line' id='line_1_12' title="bbox 0 1050 1130 1109; baseline 0.004 -16"><span class='ocrx_word' id='word_1_91' title='bbox 0 1096 3 1099; x_wconf 73' lang='grc'>,</span> <span class='ocrx_word' id='word_1_92' title='bbox 99 1051 183 1096; x_wconf 79' lang='lat' dir='ltr'><strong><em>sed</em></strong></span> <span class='ocrx_word' id='word_1_93' title='bbox 213 1050 272 1107; x_wconf 83' lang='grc' dir='ltr'><strong><em>ήσ</em></strong></span> <span class='ocrx_word' id='word_1_94' title='bbox 301 1051 428 1095; x_wconf 80' lang='lat' dir='ltr'>inser</span> <span class='ocrx_word' id='word_1_95' title='bbox 457 1051 527 1096; x_wconf 83' lang='lat' dir='ltr'><strong><em>m²</em></strong></span> <span class='ocrx_word' id='word_1_96' title='bbox 647 1058 676 1096; x_wconf 83' lang='lat'>4</span> <span class='ocrx_word' id='word_1_97' title='bbox 706 1053 813 1108; x_wconf 80' lang='grc' dir='ltr'><strong><em>περὶ</em></strong></span> <span class='ocrx_word' id='word_1_98' title='bbox 837 1053 928 1097; x_wconf 87' lang='lat' dir='ltr'><strong><em>Ma</em></strong></span> <span class='ocrx_word' id='word_1_99' title='bbox 954 1054 961 1109; x_wconf 91' lang='grc' dir='ltr'>Ι</span> <span class='ocrx_word' id='word_1_100' title='bbox 989 1053 1039 1098; x_wconf 79' lang='grc' dir='ltr'><strong><em>δὲ</em></strong></span> <span class='ocrx_word' id='word_1_101' title='bbox 1065 1053 1130 1098; x_wconf 66' lang='lat' dir='ltr'><strong><em>La·</em></strong></span> 
     </span>
    </p>
   </div>
   <div class='ocr_carea' id='block_1_5' title="bbox 186 3021 1432 3061">
    <p class='ocr_par' dir='ltr' id='par_1_7' title="bbox 186 3021 1432 3061">
     <span class='ocr_line' id='line_1_13' title="bbox 186 3021 1432 3061; baseline 0.006 -8"><span class='ocrx_word' id='word_1_102' title='bbox 186 3021 383 3054; x_wconf 63' lang='lat' dir='ltr'><strong>Lnumus</strong></span> <span class='ocrx_word' id='word_1_103' title='bbox 400 3023 457 3055; x_wconf 76' lang='lat' dir='ltr'><strong><em>od.</em></strong></span> <span class='ocrx_word' id='word_1_104' title='bbox 470 3024 502 3055; x_wconf 73' lang='grc' dir='ltr'><strong><em>Ε·</em></strong></span> <span class='ocrx_word' id='word_1_105' title='bbox 511 3033 533 3056; x_wconf 92' lang='lat' dir='ltr'>o</span> <span class='ocrx_word' id='word_1_106' title='bbox 545 3033 588 3056; x_wconf 79' lang='grc' dir='ltr'><strong><em>οι·</em></strong></span> <span class='ocrx_word' id='word_1_107' title='bbox 603 3034 621 3057; x_wconf 75' lang='lat' dir='ltr'>s</span> <span class='ocrx_word' id='word_1_108' title='bbox 631 3026 670 3055; x_wconf 78' lang='lat' dir='ltr'><strong><em>to</em></strong></span> <span class='ocrx_word' id='word_1_109' title='bbox 679 3034 708 3055; x_wconf 87' lang='lat' dir='ltr'><strong><em>r.</em></strong></span> <span class='ocrx_word' id='word_1_110' title='bbox 725 3025 814 3056; x_wconf 87' lang='lat' dir='ltr'>VII.</span> <span class='ocrx_word' id='word_1_111' title='bbox 1377 3021 1432 3061; x_wconf 83' lang='grc'><strong><em>37</em></strong></span> 
     </span>
    </p>
   </div>
   <div class='ocr_carea' id='block_1_6' title="bbox 0 1908 43 3158">
    <p class='ocr_par' dir='ltr' id='par_1_8' title="bbox 0 1908 43 3158">
     <span class='ocr_line' id='line_1_14' title="bbox 0 1908 43 3158; baseline 0 0"><span class='ocrx_word' id='word_1_112' title='bbox 0 1908 43 3158; x_wconf 95' lang='lat' dir='ltr'><strong><em> </em></strong></span> 
     </span>
    </p>
   </div>
  </div>
 </body>
</html>
