2044 3168
274 131 383 184 346
720 132 988 193 [LIBANII]
1021 132 1411 178 DECLAMATIO
1444 133 1522 176 XL

272 271 420 322 τίσιν
470 269 540 321 ἂν
591 267 906 338 ὀφθαλμοῖς
957 269 989 338 ἢ
1038 270 1294 332 δικαστὰς
1339 270 1640 338 προσεῖδον
1684 268 1717 338 ἢ
1766 272 1965 338 φίλους

272 367 591 426 προσειπεῖν
639 357 922 427 ἐθάρρησα
968 358 1000 427 ἢ
1048 361 1142 412 καί
1189 378 1263 430 τῳ
1309 368 1422 411 τῶν
1468 358 1651 411 ἄλλων
1702 357 1964 425 ξυνήθων

272 444 801 515 προσδιαλέξασθαι;
832 457 946 510 πῶς
978 446 1026 500 δ’
1059 447 1129 500 ἂν
1160 457 1278 510 ταῖς
1302 447 1491 510 ἀκοαῖς
1514 447 1737 510 ταύταις
1760 449 1963 516 ἤνεγκα

271 545 382 588 τῶν
421 532 522 604 μὲν
562 533 1025 605 ἑπιχλευαζόντων
1065 536 1307 605 ἀκούων,
1354 546 1466 589 τῶν
1513 534 1573 589 δὲ
1611 536 1963 604 κατελεουμέ-

227 644 245 676 5
271 645 385 678 νων
424 635 535 678 τῶν
575 645 636 693 γε
674 625 1052 696 μετριωτέρων
1090 634 1185 695 τῆς
1223 626 1413 695 τύχης,
1459 635 1570 679 τῶν
1618 626 1678 679 δὲ
1717 624 1807 678 καὶ
1847 635 1962 689 τοῖς

272 713 373 766 οὐκ
412 715 585 767 εἰδόσι
625 714 1008 782 διηγουμένων
1048 717 1120 777 ὡς
1160 710 1322 778 οὗτος
1359 723 1455 784 τῆς
1495 716 1675 778 δεῖνος
1715 714 1743 769 ὁ
1783 715 1959 784 πατὴρ

269 801 360 856 καὶ
399 805 648 872 νυμφίον
685 801 807 873 ἔσχε
846 807 1032 876 πολλῷ
1073 813 1168 874 τῆς
1206 807 1371 873 κόρης
1411 806 1767 873 σεμνότερονς

381 891 466 944 41.
498 885 576 944 ³H
607 900 806 946 ταῦτα
844 892 1044 962 βαρέα
1082 890 1199 960 μὲν
1238 892 1509 946 ἀκούειν
1547 893 1652 946 καὶ
1684 891 1822 946 οὐδ’
1854 892 1959 948 ,ἐπὶ

272 981 549 1050 σμικρὸν
600 981 836 1035 ἀνεκτὰ
875 991 1014 1044 τοῖς
1053 1001 1120 1049 γε
1160 989 1322 1035 νοῦν
1370 984 1662 1051 ἔχουσιν,
1709 979 1843 1035 ἔδει
1892 979 1960 1035 δὲ

202 1092 245 1123 10
268 1075 720 1123 νουθετοῦντα
752 1076 1111 1139 πειρᾶσθαι
1136 1072 1596 1139 σωφρονίζειν,
1621 1078 1824 1124 ταῦτα
1847 1072 1959 1142 γὰρ

180 1163 299 1207 RIV
318 1168 403 1208 598
450 1160 692 1230 πατρὸς
730 1159 1157 1228 ὑγιαίνοντος
1195 1157 1363 1228 ἔργα.
1405 1160 1506 1212 οὐκ
1550 1155 1655 1213 οὖν
1689 1162 1695 1228 Ι
1731 1159 1960 1213 ἐνουθέ-

265 1268 426 1315 τουν,
479 1248 791 1320 παρῄνουν;
847 1247 981 1301 ἀλλ’
1041 1246 1143 1302 ἐπὶ
1197 1250 1270 1301 τὰ
1315 1256 1424 1317 τῆς
1470 1250 1688 1319 χειρὸς
1738 1252 1959 1302 τελευ-

266 1345 383 1391 τᾶν
421 1346 547 1391 τῶν
587 1340 799 1406 λόγων
837 1336 1390 1407 ἀπελεγχομένων.
1431 1337 1533 1391 οὐκ
1572 1334 1675 1391 οὖν
1715 1336 1803 1391 ἐπὶ
1834 1345 1959 1391 τοῦ-

265 1447 327 1480 το
367 1427 515 1494 κάγὼ
555 1431 825 1480 τελευτῶν
864 1428 1090 1496 ὥρμησα
1135 1428 1268 1497 μετὰ
1314 1429 1409 1489 τὰς
1455 1429 1661 1490 πολλὰς
1698 1426 1957 1497 παραινέ-

200 1538 241 1571 15
267 1529 380 1578 σεις
412 1514 638 1584 ἐκείνας,
668 1517 802 1583 μετὰ
833 1502 928 1579 τας
959 1518 1160 1586 μυρίας
1190 1515 1501 1585 ἐπιπλήξεις
1534 1517 1630 1579 τὰς
1667 1518 1956 1586 πρότερον,

265 1607 398 1674 μετὰ
459 1606 554 1668 τὰς
613 1606 779 1669 ψιλὰς
840 1613 940 1659 τοῦ
1003 1607 1183 1676 φόνου
1243 1606 1579 1675 προσδοκίας
1645 1605 1707 1668 ἃς
1767 1605 1958 1668 αὐτοῖς

264 1695 525 1757 πολλάκις
571 1693 846 1759 ἐπε’σεισα;
899 1695 960 1747 τὸ
1015 1695 1118 1764 γὰρ
1175 1693 1416 1748 δεδιέναι
1465 1695 1721 1764 φρουρὰν
1771 1694 1958 1756 αὐτοῖς

386 1875 439 1914 10
473 1869 629 1927 Sopat.
663 1869 693 1914 1.
718 1869 748 1914 1.
775 1885 818 1927 p.
846 1875 946 1926 231,
966 1874 1019 1914 13
1035 1885 1101 1927 sq.

383 2023 408 2062 2
441 2016 469 2074 ἢ
501 2018 627 2062 inser
653 2018 764 2063 Ma²
791 2019 797 2075 l
826 2018 970 2070 ἄλλως
989 2020 1047 2063 Vi
1072 2021 1078 2076 Ι
1107 2017 1327 2073 συνήθων
1353 2019 1480 2063 BVa
1539 2017 1754 2073 ξυνήθως
1781 2020 1836 2063 Vi

264 2082 289 2121 4
323 2076 692 2134 κατελεουμένων
724 2078 890 2134 scripsi
965 2079 1046 2122 καὶ
1077 2081 1362 2134 τελουμενων
1396 2093 1419 2121 e
1452 2077 1532 2122 καὶ
1566 2077 1821 2122 τελούντων
1853 2091 1954 2122 corr

263 2182 307 2226 L
382 2182 463 2226 καὶ
495 2155 787 2239 τελουμένων
812 2182 884 2225 Ρα
959 2182 1039 2225 καὶ
1078 2181 1360 2238 τελουμένων
1392 2182 1730 2226 MaOlViBVa
1767 2181 1879 2224 Fert

233 2245 245 2249 ”
262 2241 341 2285 καὶ
358 2240 626 2309 γελωμένων
643 2240 744 2284 Mor
760 2241 842 2284 sed
867 2258 920 2298 γρ
945 2238 1264 2298 τελουμένων
1251 2255 1301 2284 m
1321 2254 1466 2297 marg,
1486 2240 1552 2284 Re
1578 2240 1660 2284 sed
1683 2240 1950 2286 κατελεούν-

261 2317 354 2345 των
387 2300 491 2343 coni
516 2300 573 2344 cf.
599 2315 643 2356 p.
664 2304 763 2354 328,
785 2306 829 2354 1;
865 2301 922 2343 de
946 2300 1101 2344 medio
1128 2300 1184 2344 cf.
1211 2300 1600 2374 ἐπαπειλούμενος
1623 2315 1667 2356 p.
1688 2303 1787 2352 347,
1805 2303 1832 2342 4

264 2364 288 2402 6
323 2357 498 2403 εἰδόσιν
525 2361 611 2404 Μα
654 2361 660 2416 Ι
703 2358 726 2402 ὁ
761 2374 835 2403 om
863 2360 1076 2404 MaOlVi
1195 2363 1221 2402 8
1253 2354 1280 2415 ἦ
1315 2359 1480 2414 scripsi
1540 2357 1568 2414 ἢ
1601 2358 1709 2402 libri
1741 2358 1832 2401 edd

262 2418 503 2475 9signum
535 2419 915 2475 interrogationis
948 2420 1056 2475 post
1088 2418 1270 2476 ἔχουσιν
1294 2418 1395 2461 Mor
1418 2418 1486 2460 Re
1610 2422 1663 2461 10
1695 2421 1951 2472 πειρᾶσθαι

261 2477 386 2520 inser
420 2477 510 2522 Va²
633 2482 683 2520 11
717 2476 893 2533 πατρὸς
924 2477 1104 2552 scripsi
1119 2491 1144 2521 e
1171 2478 1227 2522 Vi
1257 2479 1311 2520 ut
1342 2477 1447 2520 coni
1470 2477 1538 2521 Re
1599 2477 1711 2530 πρὸς
1739 2478 1950 2521 LPaMa

263 2536 443 2581 GzBVa
475 2536 566 2580 edd
689 2542 740 2579 11
775 2538 823 2580 et
850 2541 901 2579 13
935 2538 1020 2581 οὐκ
1053 2533 1137 2580 οὖν
1170 2536 1335 2592 scripsi
1396 2536 1567 2580 οὐκοῦν
1598 2536 1709 2579 libri
1740 2535 1829 2580 edd

263 2601 315 2638 12
349 2595 463 2639 ἀλλὰ
495 2595 655 2652 μάτην.
689 2595 762 2638 vel
786 2595 900 2639 ἄλλα
924 2594 1117 2641 ἐποίουν
1142 2595 1245 2639 coni
1270 2595 1336 2638 Re
1372 2600 1376 2648 Ι
1412 2594 1494 2646 τὰς
1519 2595 1643 2639 BVa
1685 2597 1702 2662 1.
1733 2597 1948 2638 τελευτᾶν

263 2656 351 2698 Μα
379 2655 459 2698 sed
485 2672 511 2699 ν
536 2654 630 2698 add
654 2655 722 2697 m³
781 2657 995 2698 τελευτᾶσ
1016 2654 1068 2699 Ol
1126 2653 1337 2704 τελευτὰς
1354 2655 1478 2698 BVa
1587 2659 1639 2697 13
1667 2654 1852 2711 signum
1876 2652 1947 2694 in-

259 2713 589 2769 terrogationis
613 2715 721 2769 post
745 2712 1120 2770 ἀπελεγχομένων
1144 2713 1234 2756 edd
1296 2712 1445 2756 delevi
1569 2717 1623 2755 14
1647 2715 1862 2757 τελευτᾶν
1877 2711 1947 2755 Re

381 2777 434 2815 15
467 2772 730 2826 ἐπιπλήξεις
769 2773 932 2828 scripsi
965 2787 989 2816 e
1017 2773 1229 2817 MaGlVi
1304 2771 1539 2826 ἐκπλήξεις
1571 2773 1736 2816 LPaB
1750 2772 1817 2815 Va
1855 2770 1948 2814 edd

382 2836 433 2874 17
468 2830 687 2876 ἀπέσεισα
719 2832 771 2876 Ol
802 2832 882 2874 sed
915 2832 945 2875 ἀ
978 2833 1025 2875 in
1057 2833 1079 2876 ἐ
1111 2845 1212 2875 corr
1241 2831 1311 2873 m³
1359 2833 1366 2886 Ι
1415 2830 1466 2874 τὸ
1495 2832 1581 2874 Ma
1613 2831 1696 2874 sed
1728 2847 1752 2874 ο
1783 2829 1833 2873 in
1870 2842 1946 2872 ras

260 2890 330 2932 m⁸
390 2897 452 2933 τῶ
471 2891 596 2935 BVa
624 2893 629 2946 Ι
658 2891 708 2934 δὲ
727 2891 832 2946 post
846 2890 898 2934 τὸ
918 2891 1027 2934 Ferr
1043 2891 1144 2934 Mor
1169 2890 1250 2934 sed
1274 2889 1322 2932 in
1346 2890 1433 2933 hoc
1458 2907 1511 2945 γρ
1536 2889 1587 2933 τὸ
1613 2889 1699 2946 γὰρ
1724 2889 1773 2932 in
1797 2901 1943 2945 marg,

261 2949 328 2993 Re
361 2949 441 2994 sed
475 2951 557 2993 aut
581 2949 827 2994 delendum
853 2952 935 2994 aut
965 2950 1014 2994 in
1045 2967 1092 2994 τε
1115 2950 1391 2995 mutandum
1423 2948 1603 2993 censuit
1663 2947 1812 2992 delevi
