2014 3158
157 595 176 629 5

204 80 311 133 632
609 79 838 124 LIBANII
867 79 1260 126 DECLAMATIO
1291 81 1478 127 XLVIII

313 216 398 269 56.
443 215 597 270 Ἀλλ’
658 216 1072 287 ἀσύμφορον,
1127 218 1203 286 νὴ
1258 219 1410 286 Δία,
1464 219 1579 272 τὸν
1633 218 1899 290 ἀριστέα

203 306 465 374 διάγειν
519 306 587 360 ἐν
641 307 807 377 λύπῃ
862 304 968 359 καὶ
1024 307 1131 359 διὰ
1184 314 1380 360 τοῦτο
1434 315 1544 377 τῆς
1592 307 1738 376 περὶ
1785 310 1900 364 τὸν

201 397 489 463 πόλεμον
530 395 796 465 ἀμελεῖν
833 394 1103 465 μελέτης
1149 394 1255 449 καὶ
1301 405 1440 459 τοῖς
1479 394 1748 467 ἐχθροῖς
1785 417 1900 452 παι

203 485 631 555 ρασκευάζειν
676 485 938 554 ἡδονήν.
987 485 1192 554 δῆλον
1237 486 1358 554 γὰρ
1408 486 1487 549 ὡς
1534 487 1606 539 τὰ
1657 488 1898 542 τούτου

203 575 486 643 δυσχερῆ
539 583 677 637 τοῖς
724 573 1057 637 ἐναντίοις
1105 572 1311 645 ἑορτή.
1366 576 1423 628 τί
1467 573 1598 647 φῄς;
1648 574 1901 640 δέδοικας

200 664 273 733 μὴ
313 665 498 717 πεσὼν
539 665 616 727 εἰς
656 662 838 732 λύπην
877 662 1127 732 ἀμελήσω
1168 673 1279 717 τῶν
1312 663 1523 730 ὅπλων;
1562 672 1670 718 νῦν
1702 667 1805 736 γὰρ
1837 665 1899 720 ἐν

201 753 521 823 εὐφροσύνῃ
568 773 661 822 μοι
709 753 774 806 τὰ
820 753 1111 822 πράγματα
1163 751 1255 806 καὶ
1311 749 1478 824 ᾠδαῖς
1533 754 1624 807 καὶ
1679 754 1898 823 γέλωτι;

200 845 495 912 τεκμαίρου
528 842 629 910 τὴν
661 841 928 910 ἀθυμίαν,
969 843 1252 912 ἄνθρωπε,
1292 848 1365 915 τῷ
1400 845 1689 916 προσώπῳ.
1729 844 1898 915 ταύτῃ

201 934 362 999 συζῶ,
402 931 495 984 διὰ
534 931 739 1001 ταύτην
779 931 1050 985 ἀπόλωλα.
1104 932 1249 1000 λύπη
1296 952 1391 999 μοι
1439 933 1657 1002 σύμπας
1696 932 1725 987 ὁ
1765 935 1897 1002 βίος.

112 1025 234 1070 RIV
253 1029 336 1070 702
385 1019 469 1073 57.
510 1021 580 1074 ἂν
619 1021 696 1084 εἰς
733 1021 835 1090 τὴν
874 1020 1085 1090 ἀγορὰν
1120 1018 1127 1093 Ι
1164 1020 1406 1090 ἐμβάλω,
1447 1030 1563 1084 τοῖς
1601 1024 1901 1092 γνωρίμοις

134 1133 173 1164 11

137 1488 178 1522 15

134 1936 177 1968 20

136 2381 177 2412 25

200 1109 338 1179 ὑπὲρ
388 1110 589 1163 τούτου
638 1114 823 1163 λαλῶν
877 1110 1112 1179 δακρύω.
1169 1109 1239 1163 ἂν
1286 1111 1473 1164 οἴκαδε
1529 1110 1782 1180 εἰσέλθω,
1837 1112 1898 1165 τὸ

201 1202 466 1270 πλήρωμα
506 1198 654 1268 ὁρῶν
691 1197 1212 1269 ἠκρωτηριασμένον
1250 1205 1457 1252 πενθῶ.
1497 1200 1568 1253 ἂν
1600 1202 1677 1263 εἰς
1707 1202 1896 1254 παλαί-

202 1304 373 1359 στραν
405 1289 702 1358 ἀφίκωμαι,
742 1289 840 1342 τὸν
873 1287 1119 1358 ἀδελφὸν
1152 1288 1299 1358 ὁρῶν
1332 1288 1738 1359 ἀπερριμμένον
1769 1289 1898 1342 ὀδύ-

204 1398 383 1448 ρομαι.
424 1379 563 1441 ἅπας
603 1379 793 1448 καιρὸς
832 1375 922 1430 καὶ
961 1380 1129 1441 τόπος
1161 1377 1383 1448 ἀφορμὴ
1422 1379 1696 1449 δακρύων,
1737 1380 1899 1448 οἰκία,

204 1471 499 1536 στενωποί,
546 1465 850 1536 γυμνάσια,
899 1467 1190 1536 σύλλογοι,
1240 1465 1500 1537 τράπεζα,
1549 1467 1737 1530 ὕπνος.
1791 1468 1897 1537 ἤδη

200 1558 305 1626 γὰρ
345 1556 450 1610 κάν
488 1565 603 1619 τοῖς
643 1556 927 1626 ὀνείρασιν
964 1553 1133 1609 ἔνδον
1170 1553 1272 1625 μὲν
1311 1558 1457 1626 ἔχειν
1505 1557 1675 1610 αὐτὸν
1715 1558 1896 1611 δοκῶν

200 1644 297 1715 ὑφ’
360 1645 562 1715 ἡδονῆς
618 1644 861 1714 ἐκπηδῶ,
914 1643 1223 1712 μανθάνων
1285 1646 1347 1699 δὲ
1407 1646 1509 1714 τὴν
1567 1642 1781 1716 ἀπάτην
1836 1644 1896 1699 ἐν

201 1735 466 1805 ὀδυρμοῖς
514 1734 766 1802 ἀναμένω
814 1735 916 1803 τὴν
966 1733 1186 1804 ἡμέραν.
1231 1732 1487 1805 μάρτυρα
1534 1731 1595 1788 δὲ
1642 1732 1746 1804 ἔχω
1786 1743 1898 1788 τῶν

200 1828 423 1878 πολλῶν
470 1825 729 1894 δακρύων
774 1824 871 1877 τὸν
920 1821 1000 1876 ἐπ’
1049 1824 1235 1886 αὐτοῖς
1280 1820 1545 1887 πολλάκις
1596 1823 1898 1892 ἀγανακτή-

201 1928 373 1966 σαντα
419 1915 619 1966 τοῦτον
667 1913 840 1966 αὐτὸν
887 1912 986 1966 τὸν
1031 1911 1250 1982 πατέρα.
1314 1911 1400 1965 58.
1449 1910 1589 1965 ὥσθ’
1641 1909 1780 1980 ὑπὲρ
1829 1908 1897 1966 οὗ

201 2004 301 2071 τὴν
341 1999 679 2072 ἀποκήρυξιν
719 2000 972 2064 δέδοικας
1011 2003 1085 2070 μή
1123 2020 1189 2069 με
1230 2002 1306 2064 εἰς
1346 2000 1595 2070 ἀθυμίαν
1634 2004 1898 2071 καταστή-

202 2107 300 2155 σας
345 2093 507 2160 χείρω
559 2093 815 2162 ποιήσῃς,
870 2098 1033 2144 τοῦτο
1082 2088 1172 2143 καὶ
1220 2097 1327 2143 νῦν
1376 2089 1600 2159 ἐνοχλεῖ.
1656 2091 1745 2144 καὶ
1791 2092 1895 2161 γὰρ

201 2179 286 2250 ἐφ’
341 2173 428 2243 αἶς
466 2182 662 2249 μόναις
701 2174 852 2249 εἶχον
892 2179 1109 2233 ἐλπίσιν
1149 2180 1222 2242 ὡς
1268 2180 1456 2232 λύσων
1494 2179 1750 2252 τάδελφῷ
1777 2180 1898 2248 ,τὴν

202 2270 497 2339 συμφορὰν
534 2269 755 2335 μάταιοι
794 2271 1073 2338 πεφήνασι
1111 2267 1203 2321 καὶ
1243 2267 1344 2321 οὐκ
1386 2273 1608 2337 ἴσχυσεν
1653 2268 1897 2337 ἀριστεία

202 2367 420 2427 νικῆσαι
460 2358 560 2426 τὴν
600 2356 953 2426 ἀποκήρυξιν.
995 2353 1101 2409 59.
1142 2351 1238 2410 εἶτ’
1285 2355 1403 2424 ἐμοὶ
1452 2364 1551 2410 τοῦ
1601 2362 1798 2410 λοιποῦ
1845 2359 1902 2409 τί

201 2449 460 2517 τερπνόν;
502 2451 606 2499 οἴει
646 2446 748 2514 γὰρ
793 2445 853 2498 ἐν
892 2449 1095 2515 πλήθει
1130 2449 1322 2499 σιτίων
1359 2446 1449 2498 καὶ
1481 2450 1692 2516 μαλακῇ
1727 2460 1897 2515 στρω-

322 2613 346 2650 2
382 2609 600 2652 διατοῦτο
627 2606 718 2650 LP
858 2610 884 2648 5
918 2605 1011 2662 φής
1041 2606 1163 2662 libri⁴
1184 2606 1282 2654 edd
1420 2610 1444 2649 7
1485 2605 1670 2664 signum
1702 2605 1898 2650 interro-

202 2666 406 2725 gationis
438 2666 574 2723 posui
607 2679 632 2709 e
656 2667 699 2710 L
775 2668 1002 2721 punctum
1042 2665 1210 2721 reliqui
1250 2665 1359 2708 libri
1402 2665 1493 2708 edd
1640 2669 1693 2708 10
1733 2664 1816 2721 τὴν
1847 2664 1898 2708 in

202 2740 336 2782 marg
361 2725 425 2770 12²
570 2729 623 2767 17
658 2724 919 2780 μανθάνων
952 2724 1117 2799 scripsi
1149 2738 1205 2769 ox
1230 2725 1370 2769 AthB
1432 2722 1666 2780 μανθάνω
1700 2724 1898 2769 LPMos

205 2785 295 2828 edd
418 2789 471 2828 19
507 2783 725 2833 ἐπαυτοῖς
748 2784 793 2828 L
922 2787 977 2826 20
1008 2800 1090 2829 τον
1123 2797 1198 2827 0111
1223 2784 1317 2828 Ath
1447 2788 1502 2827 23
1535 2782 1778 2827 ἀναλύσων
1803 2783 1897 2827 Ath

323 2848 379 2887 24
410 2841 648 2902 πεφῂνασι
678 2841 788 2887 libri
820 2842 910 2886 edd
1056 2847 1111 2887 25
1142 2840 1188 2889 τί
1218 2850 1300 2887 τοῦ
1332 2845 1496 2887 λοιποῦ
1522 2843 1615 2886 Ath
1663 2844 1671 2898 Ι
1719 2844 1895 2886 τουλοι-

204 2909 296 2947 ποῦ
323 2904 414 2947 LP
