2014 3158
385 97 503 144 PRO
536 98 807 143 MULIERE
839 97 1261 143 TYRANNICIDA
1293 98 1530 144 PETITIO
1698 97 1807 152 459

117 235 245 303 περὶ
284 243 463 304 ψυχῆς
500 234 713 304 τρέχειν
751 233 843 288 καὶ
881 242 1053 287 ταῦτα
1098 234 1277 286 πάντα
1327 235 1678 289 κινδυνεύειν
1717 235 1810 289 ἐπ’

116 323 450 394 ἀμφοτέροις
487 321 629 392 ἔχων
666 324 767 392 τὴν
805 322 1022 390 αἴτησιν
1059 321 1148 375 καὶ
1189 324 1250 375 τὸ
1289 320 1390 389 μὲν
1430 322 1629 378 ἑαυτοῦ
1662 325 1810 378 ἅπαν

117 413 275 476 εἰδὼς
314 411 551 483 ἀκριβῶς
584 413 656 475 ὡς
696 413 860 475 ὅλους
899 410 1276 480 ἀποχαριεῖται
1315 414 1444 475 τοὺς
1483 414 1707 482 νόμους,
1745 416 1806 467 τὸ

118 501 192 570 δ’,
233 503 279 555 εἰ
319 500 411 555 καὶ
450 501 548 554 τὸν
594 499 682 554 ἐπὶ
720 500 938 562 τούτοις
982 502 1157 567 νόμον
1198 500 1500 570 ἐπικυροῦν
1545 503 1598 555 οἱ
1637 511 1808 572 ψηφι-

116 592 333 659 ζόμενοι
364 588 633 659 μέλλοιεν,
663 596 826 642 τοῦτο
860 585 921 641 δὲ
953 589 1410 658 διχογνωμονοίη,
1455 588 1651 652 δεδιὼς
1681 591 1807 643 τού·
1854 612 1874 643 5

115 698 247 742 τους
287 680 353 747 δὴ
391 680 522 740 τοὺς
559 679 692 747 μετὰ
731 678 792 731 τὸ
832 685 1021 730 πεσεῖν
1059 678 1158 731 τὸν
1196 679 1477 747 τύραννον
1515 680 1808 747 γενναίους

116 766 207 821 καὶ
253 764 392 838 ὑπὲρ
439 767 500 819 τὸ
550 765 679 819 δέον
729 766 1196 836 μισοτυράννους;
1257 767 1344 819 44.
1390 767 1500 820 ὑπὸ
1555 764 1658 834 μὲν
1703 763 1808 821 οὖν

115 864 215 909 τοῦ
256 862 358 909 σοῦ
396 855 597 908 τούτου
636 855 952 925 γράμματος
989 854 1080 909 καὶ
1122 857 1189 925 δὴ
1228 856 1610 925 τοσαῦταμὲν
1647 856 1680 924 ἡ
1713 859 1805 910 πό-

117 949 201 1007 λις
252 942 342 997 καὶ
398 942 541 996 οὕτω
597 945 800 1013 σμικρὰ
852 945 1022 1013 τυχὸν
1076 942 1439 1014 ὠφελήσεται,
1496 948 1683 1016 πολλῷ
1746 943 1807 998 δὲ

111 1035 279 1085 πλείω
319 1038 416 1085 τοῦ
457 1033 758 1095 δοκοῦντος
794 1031 1027 1102 κέρδους
1057 1032 1422 1102 ὑποστήσεται
1455 1036 1557 1102 τὴν
1596 1036 1806 1103 ζημίαν,
1832 1056 1875 1088 ιο

114 1121 142 1174 ὁ
175 1117 236 1174 δὲ
267 1119 394 1187 ἐμὸς
426 1122 595 1188 νόμος
625 1124 1038 1191 φυλαττόμενος
1076 1119 1177 1189 μὲν
1209 1125 1310 1190 τήν
1341 1142 1400 1176 τε
1431 1125 1596 1177 πόλιν
1630 1124 1806 1192 φυλά-

112 1207 190 1272 ξει
220 1210 351 1272 τούς
373 1229 430 1263 τε
461 1218 876 1279 τυραννοῦντας
899 1210 1031 1279 <ἐν>
1057 1210 1169 1264 δέει
1199 1219 1299 1264 τοῦ
1331 1219 1519 1264 πεσεῖν
1543 1210 1639 1279 ὑφ’
1673 1211 1805 1264 ὅτου

111 1296 202 1351 καὶ
247 1298 404 1368 τύχοι
450 1301 691 1368 τηρήσει,
726 1300 732 1367 Ι
769 1299 1168 1369 ἀναιρούμενος
1215 1297 1277 1353 δὲ
1330 1301 1464 1368 μετὰ
1513 1310 1624 1353 τῶν
1670 1306 1791 1350 RIV
1809 1311 1894 1350 810

113 1386 499 1457 ἀναιρούντων
538 1397 867 1458 παραχρῆμα
905 1390 1155 1442 κείσεται.
1217 1387 1303 1442 45.
1343 1390 1404 1442 τὸ
1453 1389 1557 1457 γὰρ
1604 1396 1805 1442 τοῦτον

109 1477 182 1544 μὴ
221 1473 347 1546 παρ’
393 1477 526 1546 ἡμῖν
564 1475 786 1530 ἑστάναι
824 1479 1256 1547 πολιτευόμενον
1302 1482 1427 1530 ἴσον
1473 1476 1564 1530 καὶ
1610 1479 1671 1530 τὸ
1712 1479 1869 1532 60-15

109 1574 382 1634 ρυφορεῖν
420 1574 537 1629 τοῖς
586 1567 884 1633 τυράννοις
922 1568 988 1619 τὰ
1028 1568 1262 1635 σώματα.
1312 1567 1385 1629 ὡς
1431 1574 1538 1619 νῦν
1576 1563 1678 1633 μὲν
1717 1565 1804 1634 ἑγ-

109 1654 290 1721 γύθεν
336 1655 396 1707 οἱ
437 1664 669 1723 σφαγεῖς
718 1654 978 1724 ἐφεστᾶσι
1034 1654 1123 1708 καὶ
1177 1656 1375 1718 πάντες
1427 1655 1802 1708 ὑποπτεύουσι

21 1738 25 1743 ’
107 1743 397 1811 τύραννοι,
444 1746 626 1812 μήπου
666 1746 791 1797 τινὰ
829 1745 919 1797 καὶ
958 1753 1069 1797 τῶν
1116 1743 1402 1813 ἀδοκήτων
1439 1752 1555 1806 τοῖς
1601 1744 1803 1814 ῥήμασι

108 1832 327 1895 τούτοις
373 1833 402 1886 ὁ
457 1832 766 1901 νομοθέτης
820 1831 1023 1902 ἐπάρας
1078 1832 1166 1886 ἐπι
1218 1835 1280 1887 τὸ
1336 1842 1804 1902 τυραννοκτονεῖν

110 1921 368 1973 ὥπλισεν·
425 1923 473 1974 εἰ
521 1921 582 1974 δὲ
629 1923 689 1974 τὸ
738 1921 843 1975 ἀπὸ
890 1923 1055 1974 τοῦδε
1109 1923 1169 1975 τὸ
1225 1922 1446 1990 γράμμα
1490 1929 1653 1975 τοῦτο
1707 1929 1802 1989 τῆς
1826 1945 1869 1977 20

111 2013 303 2098 λοιπῆς
348 2013 686 2076 νομοθεσίας
733 2009 993 2073 ἀποξέσαι
1038 2012 1298 2079 τολμήσει
1345 2030 1452 2079 τις,
1505 2005 1691 2077 οὗτος,
1739 2006 1801 2062 εὖ

229 2191 250 2228 1
287 2185 344 2229 cf.
378 2185 438 2228 ad
478 2200 521 2242 p.
553 2190 653 2238 245,
674 2190 741 2229 14.
789 2185 908 2229 Plat.
942 2185 1133 2230 Theaet.
1175 2201 1219 2242 p.
1249 2190 1331 2229 172
1350 2186 1402 2231 E.
1449 2185 1555 2230 Her.
1582 2185 1645 2229 IX
1671 2190 1800 2240 37,1.

107 2244 298 2289 Aristid.
317 2259 402 2300 pro
418 2244 483 2288 IV
499 2244 608 2288 viris
633 2247 666 2288 t.
684 2244 726 2288 H
744 2249 912 2299 340,18
938 2244 1145 2289 Dind.11.
1171 2264 1198 2304 χ
1226 2250 1308 2289 161
1433 2251 1457 2287 2
1484 2245 1540 2288 of.
1559 2260 1605 2301 p.
1624 2249 1724 2299 465,
1746 2250 1800 2288 16

230 2397 252 2435 1
286 2399 452 2465 ψυχῶν
486 2394 574 2437 Vat
614 2395 620 2447 Ι
671 2390 1009 2448 ἐπαμφοτέροις
1034 2394 1087 2439 ΟΖ
1207 2398 1231 2435 2
1266 2391 1443 2448 αἵρεσιν
1477 2392 1680 2436 Sintenis

108 2457 134 2495 3
165 2451 217 2495 τὸ
250 2448 316 2503 δ’,
342 2451 384 2495 εἰ
406 2465 488 2508 rep
492 2450 592 2495 osui
619 2464 643 2494 e
668 2451 815 2496 Mam
838 2466 943 2495 oum
965 2452 1176 2496 Iacobsio
1202 2452 1342 2495 Anth.
1371 2451 1468 2495 Pal.
1493 2451 1556 2494 ΙΙΙ
1582 2456 1667 2494 276
1695 2452 1798 2507 App

108 2510 220 2554 Pors
244 2511 345 2553 Adv
371 2515 456 2553 293
459 2467 632 2554 pSchul
664 2512 711 2552 et
735 2509 917 2554 Sinteni
976 2509 1078 2556 τόδ’
1108 2512 1148 2555 εἰ
1168 2512 1256 2556 Vat
1314 2511 1366 2555 τὸ
1400 2513 1474 2555 δεῖ
1498 2513 1580 2555 Mo
1612 2511 1679 2553 Re

110 2574 135 2613 6
153 2567 377 2625 γενναίως
387 2571 476 2614 Vat
596 2574 648 2612 12
668 2568 719 2611 ἐν
735 2569 910 2613 inserui
971 2585 1047 2614 om
1064 2570 1175 2613 libri
1192 2570 1259 2614 Re
1382 2575 1435 2613 13
1453 2570 1636 2626 τύχοιεν
1655 2569 1800 2613 Cobet

108 2628 225 2671 Mise
251 2633 333 2671 141
360 2630 411 2671 ab
435 2628 491 2672 cf.
518 2643 562 2695 p.
582 2633 747 2682 343,12
774 2630 822 2671 et
846 2629 906 2672 ad
929 2631 963 2673 t.
982 2629 1044 2673 VI
1061 2634 1161 2685 514,
1179 2634 1205 2672 8
1330 2634 1384 2672 14
1416 2634 1697 2685 παραχρῆμα
1723 2642 1798 2672 om

117 2687 207 2732 Vat
232 2690 238 2743 Ι
264 2694 429 2731 τοῦτον
454 2687 618 2744 scripsi
643 2700 667 2730 e
685 2688 831 2733 Maol
904 2695 1040 2732 τοῦτο
1060 2690 1149 2733 Vat
1172 2688 1375 2732 Sintenis
1436 2687 1602 2731 τούτου
1622 2689 1705 2731 Mo
1730 2687 1797 2731 Re

229 2750 282 2789 15
314 2745 670 2802 πολιτευόμενον
691 2747 780 2790 Μα
811 2747 893 2790 sed
915 2763 978 2792 πο
1007 2747 1056 2790 in
1080 2761 1156 2791 ras
1180 2747 1250 2790 m²
1277 2750 1282 2803 Ι
1312 2743 1413 2790 ἴσον
1438 2747 1582 2791 MaCl
1594 2747 1682 2790 Vat

111 2808 165 2847 19
197 2803 458 2862 νομοθέτης
482 2806 572 2848 Μα
596 2805 676 2849 sed
708 2805 887 2861 νομοθέ
916 2806 965 2849 in
995 2820 1071 2850 ras
1103 2806 1173 2850 m²
1293 2811 1350 2849 20
1383 2805 1434 2849 δὲ
1459 2807 1550 2849 Ma
1581 2804 1663 2848 sed
1695 2821 1715 2848 ε
1747 2805 1797 2847 in

106 2921 182 2951 ras
198 2907 269 2950 m²
294 2910 301 2964 Ι
330 2908 561 2952 ἀποτοῦδε
584 2908 670 2951 Μα
767 2913 820 2951 21
841 2906 1074 2961 ἀποξέσαν
1085 2910 1174 2953 Vat
1200 2911 1206 2965 Ι
1233 2908 1374 2964 τολμή
1390 2910 1478 2952 Μα
1505 2910 1511 2964 Ι
1539 2911 1608 2958 τίς
1622 2909 1797 2952 ΜαΜο
