2044 3168
580 713 652 754 Mo
1210 727 1331 789 Lam-

190 875 213 913 g
297 849 358 897 In
388 851 678 897 universum
710 849 911 910 quidem
942 849 1023 897 hic
1057 864 1252 911 quoque
1284 850 1422 911 prior
1451 850 1642 899 familia
1674 851 1883 899 alteram

184 924 280 972 fide
323 924 475 986 paulo
517 925 739 985 superat,
782 923 866 970 sed
914 925 1030 970 sunt
1079 922 1231 971 etiam
1278 924 1374 971 loci
1418 940 1540 986 quos
1581 925 1740 973 altera
1774 927 1882 973 tan-

186 1001 295 1046 tum
325 998 518 1046 familia
549 998 770 1060 integros
811 998 1095 1046 servaverit.

299 1071 462 1120 Codex
493 1072 582 1119 Mo
623 1071 891 1119 admodum
938 1071 1202 1119 mendosus
1252 1074 1348 1128 est,
1395 1072 1479 1120 sed
1526 1088 1637 1120 cum
1683 1089 1782 1121 non
1826 1089 1883 1120 ex

186 1148 295 1208 ipso
319 1147 379 1193 H
404 1146 605 1193 fluxerit
637 1148 686 1193 et
718 1145 898 1193 codicis
924 1145 996 1193 'Gr
1028 1145 1206 1209 exigua
1235 1161 1354 1207 vpars
1385 1142 1615 1211 supersit,
1646 1147 1882 1194 lectiones

184 1221 290 1268 eius
322 1220 383 1268 ab
418 1222 663 1283 apparatu
695 1219 869 1267 critico
898 1235 1150 1267 removere
1182 1235 1281 1267 non
1312 1219 1469 1268 licuit.
1609 1229 1613 1235 ”

295 1294 432 1342 Idem
480 1295 616 1342 valet
663 1294 721 1342 de
769 1288 1019 1341 codicibus
1059 1293 1206 1341 Lam·
1244 1295 1295 1341 et
1332 1295 1385 1355 I,
1433 1310 1734 1357 quamquam
1781 1295 1882 1343 iam

184 1369 437 1430 exemplar
476 1384 647 1416 eorum
687 1383 943 1415 commune
984 1367 1045 1415 ab
1094 1362 1364 1430 archetypo
1401 1369 1624 1416 multum
1665 1370 1882 1430 recessit,

183 1444 338 1490 etiam
369 1443 481 1504 plus
513 1443 663 1490 codex
686 1442 725 1489 I
749 1444 872 1504 ipse,
906 1443 992 1503 qui
1023 1458 1084 1488 ne
1115 1437 1544 1503 interpolamentis
1577 1443 1792 1504 quidem,
1823 1445 1879 1494 ut

185 1533 231 1578 p.
252 1518 450 1581 303,il
481 1510 620 1565 εἷπον
651 1532 741 1578 pro
766 1514 910 1579 ἔφην,
939 1517 1140 1578 303,15
1174 1523 1460 1578 συμφωνῶν
1491 1532 1580 1579 pro
1614 1513 1881 1582 ὁμολογῶν,

187 1592 399 1651 306,10
432 1582 524 1639 οὖν
556 1594 670 1653 post
700 1596 900 1651 παῦσαι,
931 1589 1104 1652 privus
1137 1593 1224 1638 est.
1238 1583 1279 1656 ¹)

298 1665 546 1712 Numerus
570 1664 971 1712 testimoniorum
994 1680 1095 1711 non
1119 1663 1193 1712 ita
1217 1679 1426 1727 magnus
1451 1666 1538 1711 est.
1582 1665 1880 1713 Macarius

187 1732 763 1803 Chrysocephalus2)
796 1740 897 1786 tres
937 1739 1070 1786 locos
1110 1738 1359 1798 laudavit,
1390 1739 1657 1786 Andreas
1690 1738 1878 1801 Lopa-

185 1813 353 1862 diota
378 1815 550 1861 auctor
573 1813 756 1860 lexici
779 1806 1318 1878 Vindobonensis3)
1346 1813 1483 1873 duos,
1507 1815 1681 1897 auctor
1703 1813 1875 1861 flori-

185 1887 333 1950 legii
364 1880 814 1969 Neapolitani4)
847 1903 1014 1935 unum.

297 1961 606 2009 Declamatio
653 1962 706 2008 in
752 1960 916 2008 lucem
961 1955 1215 2022 protracta
1262 1963 1339 2008 est
1386 1977 1414 2008 a
1458 1960 1585 2007 Fed.
1626 1957 1877 2008 Morello

184 2034 356 2082 Liban.
391 2051 503 2096 opp.
537 2037 573 2084 t.
599 2035 624 2082 I
655 2052 701 2097 p.
732 2036 909 2082 754—
917 2036 1021 2082 764
1056 2028 1151 2100 (=
1176 2027 1307 2101 Mor)
1348 2035 1435 2096 qui
1473 2035 1760 2098 apographo
1800 2050 1877 2083 co·

186 2108 307 2157 dicis
333 2109 400 2155 M
405 2102 448 2174 5)
473 2109 553 2157 vel
578 2109 743 2157 codice
777 2124 884 2156 cum
920 2109 1011 2156 hoc
1044 2111 1255 2172 cognato
1279 2124 1395 2157 usus
1420 2110 1507 2156 est.
1545 2108 1708 2156 Multa
1730 2108 1876 2157 huius

187 2183 418 2230 editionis
450 2182 577 2230 vitia
609 2199 700 2245 ope
733 2183 913 2230 codicis
946 2183 1255 2230 Monacensis
1287 2183 1515 2242 sustulit,
1545 2183 1788 2230 nonnulla
1819 2199 1876 2230 ex

186 2257 384 2319 ingenio
418 2259 628 2304 correxit
660 2256 938 2304 Reiskius
973 2251 1068 2322 (Ξ
1095 2255 1212 2322 Re),
1252 2256 1336 2304 sed
1374 2272 1499 2303 uxor
1542 2272 1669 2317 quae
1702 2256 1874 2304 editio-

186 2346 294 2378 nem
322 2323 380 2395 (t.
407 2330 477 2376 IV
500 2347 546 2392 p.
575 2324 890 2395 568—581)
926 2330 1119 2378 curavit
1150 2329 1350 2377 minime
1383 2345 1549 2378 omnes
1579 2329 1682 2377 eius
1715 2346 1874 2378 emen-

186 2403 410 2452 dationes
441 2403 490 2450 in
524 2406 717 2452 textum
746 2404 945 2466 recepit.

198 2476 201 2479 ’
262 2515 276 2529 .
297 2477 462 2525 Pauca
494 2477 557 2524 ad
588 2478 718 2525 hunc
758 2478 1103 2540 corrigendum
1135 2478 1220 2525 Fr.
1253 2477 1561 2525 Iacobsius
1601 2493 1714 2525 cum
1753 2477 1874 2524 alibi

185 2554 294 2598 tum
324 2553 377 2599 in
410 2547 736 2600 ‘Lectionum'
770 2551 897 2599 libro
909 2546 951 2617 ⁶)
986 2552 1220 2606 contulit,
1253 2551 1403 2599 etiam
1435 2551 1672 2612 pauciora
1703 2551 1872 2599 Bois-

187 2625 469 2673 sonadius
505 2625 590 2687 qui
624 2625 840 2674 codicem
873 2624 1149 2673 Parisinum
1187 2626 1328 2673 3017
1365 2623 1604 2672 adhibuit.

308 2782 348 2836 1)
382 2780 447 2824 Cf.
480 2782 512 2824 t.
539 2780 580 2823 V
610 2795 655 2836 p.
681 2784 781 2823 457.
965 2782 1007 2835 2)
1041 2779 1107 2824 Cf.
1140 2781 1173 2822 t.
1198 2779 1219 2822 I
1249 2795 1293 2836 p.
1321 2784 1403 2823 351
1424 2794 1490 2834 sq.

306 2842 348 2894 3)
383 2837 448 2882 Cf.
482 2841 513 2883 t.
539 2839 560 2881 Ι
592 2854 635 2894 p.
662 2842 762 2882 238.
966 2842 1008 2894 4)
1043 2837 1110 2882 Cf.
1142 2841 1175 2882 t.
1201 2838 1242 2882 V
1274 2854 1318 2894 p.
1345 2842 1430 2882 368
1447 2853 1513 2892 sq.

307 2901 349 2949 5)
383 2897 449 2942 Cf.
483 2911 623 2954 supra
654 2913 698 2953 p.
728 2902 795 2940 78.
964 2901 1007 2950 6)
1041 2897 1106 2942 Cf.
1140 2900 1173 2941 t.
1197 2898 1218 2940 I
1248 2913 1293 2954 p.
1321 2902 1373 2940 77
1407 2898 1455 2940 et
1487 2897 1527 2941 V
1550 2912 1594 2952 p.
1622 2901 1720 2951 198.
