2044 3168
256 124 290 175 2
295 124 365 176 52
653 123 879 167 LIBANII
909 122 1301 167 DECLAMATIO
1334 122 1547 167 XXXVII

252 261 596 312 ὑπόνοιαν.
645 262 702 311 τί
736 259 796 311 τὸ
835 257 1064 326 μέλλον,
1105 259 1452 328 συκοφάντα,
1492 260 1733 329 μαντεύῃ
1772 269 1952 322 κακῶς

253 350 432 418 παρὸν
478 348 539 400 τὸ
587 347 818 415 φθάσαν
865 345 1129 412 ἐξετάζειν
1174 351 1374 411 καλῶς;
1429 349 1511 409 τίς
1558 343 1620 399 δὲ
1673 356 1787 400 τῶν
1834 356 1950 400 σῶν

254 436 499 500 ἀνέξεται
542 438 724 504 λόγων
755 437 953 498 παῖδας
993 435 1326 506 ἐλευθέρους
1364 434 1437 488 δι’
1478 433 1571 503 ἐμὲ
1608 437 1698 489 καὶ
1738 450 1950 506 σωφρο·

164 530 285 575 RIV
302 535 386 575 547
435 532 643 578 νοῦντα
681 526 885 593 γύναια
920 522 927 596 Ι
961 525 1052 577 καὶ
1089 530 1420 593 θαρροῦσαν
1450 524 1670 593 βλέπων
1701 527 1951 594 νεότητα;

212 635 231 668 5
257 614 343 668 23.
385 614 490 682 ἐγὼ
530 611 633 682 μὲν
672 610 778 667 οὖν
815 611 1044 683 ἔλεγχον
1074 611 1179 683 ἔχω
1213 622 1307 682 τῆς
1339 614 1558 682 γνώμης
1596 615 1663 667 τὰ
1701 614 1952 684 τρόπαια,

255 706 325 755 σὺ
367 700 428 756 δὲ
469 702 528 755 ἐκ
567 705 729 765 ποίας
767 722 833 769 με
871 711 1042 756 ταῦτα
1081 713 1271 756 νοσεῖν
1308 702 1606 772 ἐπιθυμίας
1635 702 1951 772 ὑπολαμβά-

256 812 390 856 νεις;
431 794 610 845 πόθεν
650 792 712 844 δὲ
750 793 1083 860 τυραννίδος
1121 789 1259 862 ἔρως
1298 792 1555 860 τοιαύτης
1595 790 1807 861 ἐκράτει
1848 800 1952 855 ψυ-

255 889 374 950 χῆς;
429 890 524 951 τῆς
577 882 724 951 παρὰ
777 881 1000 934 πάντων
1051 881 1236 950 χάριν,
1291 882 1359 949 νὴ
1407 882 1544 948 Δία,
1590 888 1770 949 τιμῆς;
1826 879 1953 933 ἀλλ’

257 969 508 1033 ἑκούσιος
562 971 752 1023 εὔνοια
806 972 1013 1032 πόλεως
1069 969 1365 1038 ἀναγκαίας
1418 968 1745 1038 αἱρετωτέρα
1795 977 1953 1039 τιμῆς

194 1081 237 1113 10
259 1057 351 1111 καὶ
392 1060 620 1126 εὔλογος
659 1057 829 1121 αἰδὼς
867 1056 1214 1127 λαμπροτέρα
1252 1066 1454 1129 πικροῦ
1494 1061 1813 1127 νενόμισται
1853 1060 1952 1128 φό-

192 1525 233 1558 15

255 1150 376 1214 βου.
425 1148 454 1201 ὁ
494 1145 596 1214 μὲν
643 1149 745 1215 γὰρ
794 1149 934 1216 μόνῃ
981 1156 1046 1217 τῇ
1093 1149 1229 1218 τύχῃ
1277 1157 1496 1214 κρατῶν
1542 1146 1633 1199 καὶ
1672 1148 1773 1215 τὴν
1812 1147 1970 1216 ὠμό-’

257 1256 390 1304 τητα
428 1236 601 1289 καλὸν
641 1244 736 1304 τῆς
775 1236 943 1306 ἀρχῆς
983 1237 1220 1303 νομίζων
1259 1235 1526 1306 ἐνέχυρον
1566 1237 1760 1299 δεδιὼς
1798 1239 1952 1290 πολι-

257 1327 468 1379 τεύεται
524 1324 614 1378 καὶ
668 1324 882 1395 τρέμων
921 1324 1011 1378 καὶ
1052 1325 1139 1378 ἀεί
1175 1345 1227 1378 τι
1267 1330 1475 1378 παθεῖν
1513 1326 1954 1394 προσδεχόμενος

258 1415 476 1484 ὅμοιον,
516 1415 544 1468 ὁ
586 1411 646 1467 δὲ
687 1417 815 1476 τοὺς
862 1417 1103 1477 πολλοὺς
1148 1423 1264 1476 ταῖς
1312 1415 1648 1484 εὐεργεσίαις
1686 1415 1953 1467 καταδου-

260 1504 528 1573 λούμενος
567 1502 657 1556 καὶ
700 1504 957 1572 φρόνημα
995 1501 1136 1572 ἔχων
1175 1503 1313 1572 ὑπὲρ
1347 1500 1448 1569 μὲν
1485 1511 1582 1571 τῆς
1618 1506 1828 1565 πόλεως
1867 1502 1954 1572 με’-

258 1590 346 1661 γα,
385 1593 520 1661 πρὸς
561 1589 621 1644 δὲ
662 1592 835 1660 αὐτὴν
876 1597 1000 1645 ἴσον
1039 1592 1380 1661 ἀμετάθετον
1426 1594 1534 1660 ἔχει
1581 1593 1682 1660 τὴν
1728 1593 1955 1646 εὔνοιαν

261 1681 344 1735 ἀεὶ
382 1690 476 1750 τῆς
515 1683 727 1750 μνήμης
760 1681 1100 1749 ἀνανεούσης
1132 1682 1233 1749 τὴν
1265 1681 1440 1751 χάριν.
1479 1682 1654 1749 πολλὴ
1689 1689 1829 1748 γοῦν
1859 1701 1954 1748 μοι

259 1772 406 1879 παρὰ
443 1778 614 1823 πᾶσιν
651 1770 897 1839 ὑπῆρχεν
937 1771 1106 1870 αἰδὼς
1145 1768 1234 1822 καὶ
1265 1771 1637 1839 προσηγορίας
1667 1769 1955 1837 ἀπήλαυον

385 1936 406 1973 1
443 1930 711 1991 συκοφάντη
737 1932 783 1975 A
845 1927 1139 1986 συκοφαντία
1164 1932 1290 1975 BVa
1351 1932 1641 1991 συκοφαντία
1669 1932 1730 1975 Μ
1758 1932 1805 1973 et
1829 1947 1882 1987 γρ
1907 1930 1956 1974 in

261 2004 394 2047 marg
424 1990 526 2033 Mor
648 1996 673 2033 2
707 1989 934 2043 ἐξετάζειν
967 1991 1024 2033 Va·
1051 1991 1056 2047 Ι
1084 1989 1152 2040 τίς
1177 2017 1231 2023 -
1258 1994 1432 2043 253,12
1467 1976 1655 2034 εὔνοιάν
1687 1989 1955 2045 praemissis

260 2049 413 2093 verbis
446 2049 540 2093 ἔστι
572 2049 624 2093 δε
659 2047 730 2093 ότε
762 2046 877 2104 παρ’
907 2050 1032 2094 αὐτῶ
1063 2051 1114 2094 ἐν
1137 2056 1191 2106 τῇ
1216 2050 1436 2104 προτάσει
1460 2047 1774 2105 ἀναφαίνεταί
1796 2066 1840 2092 τι
1863 2056 1956 2093 τῶν

262 2109 627 2165 ἐπιχειρημάτων
659 2109 738 2152 καὶ
771 2107 821 2152 ἓν
854 2110 903 2153 ἐκ
927 2096 1105 2152 τούτων
1128 2108 1213 2164 τὴν
1242 2110 1414 2164 ταύτης
1438 2108 1660 2165 ἐκπληροῖ
1686 2106 1859 2165 χρείαν,
1893 2108 1955 2159 ὡς

263 2168 386 2211 ἔστιν
418 2168 537 2212 ἰδεῖν
577 2167 720 2212 αὐτὸν
759 2167 1019 2223 ποιήσαντα
1060 2168 1110 2212 ἐν
1148 2171 1211 2228 τῷ
1242 2175 1326 2212 τοῦ
1366 2166 1584 2223 ἀριστέως
1622 2166 1844 2223 ζητήματι
1872 2173 1956 2211 τοῦ

264 2226 333 2271 ὅτι
365 2227 637 2282 ἀριστεύσας
668 2224 864 2285 ᾐτήσατο
906 2227 972 2277 εἰς
1009 2227 1060 2270 τὸ
1102 2214 1239 2302 γέρας
1276 2235 1367 2272 τῶν
1406 2226 1631 2283 φυγάδων
1669 2226 1754 2283 τὴν
1794 2224 1956 2271 ἐπανέ-

263 2289 415 2330 λευσιν
446 2286 528 2329 καὶ
558 2293 647 2329 τῶν
680 2287 923 2342 δεσμωτῶν
957 2285 1040 2342 τὴν
1072 2286 1201 2330 λύσιν
1234 2290 1325 2331 κτλ.
1360 2286 1451 2343 ἔχει
1483 2284 1533 2329 δὲ
1567 2284 1713 2335 ούτως
1744 2285 1862 2328 citafi
1891 2285 1955 2329 Io.

263 2344 583 2401 Doxapatril.
617 2345 648 2388 1.
682 2346 759 2401 (ad
792 2345 1010 2402 Hermog.
1050 2360 1095 2402 p.
1122 2351 1222 2399 113,
1242 2350 1459 2399 20-114,
1478 2350 1503 2388 5
1544 2344 1615 2388 ed.
1650 2344 1799 2399 Walz)
1850 2348 1855 2399 Ι
1905 2343 1958 2389 δὲ

264 2419 338 2448 om
371 2404 534 2460 Doxap
738 2425 749 2459 ;
781 2408 888 2460 post
918 2404 1066 2462 λόγων
1103 2405 1230 2448 inser
1263 2404 1353 2450 Va2
1495 2410 1522 2447 4
1559 2403 1805 2447 θάλουσαν
1832 2405 1884 2449 Ol

263 2462 532 2507 θάλλουσαν
571 2462 730 2507 Iac-obs
770 2464 877 2507 Add
909 2468 995 2506 224
1141 2469 1166 2506 5
1207 2464 1390 2539 ἔλεγχον
1417 2465 1479 2507 M
1513 2463 1593 2506 sed
1630 2480 1657 2507 ν
1696 2463 1746 2506 in
1784 2477 1859 2506 ras
1891 2463 1922 2518 f
1947 2462 1953 2522 Ι

265 2521 377 2578 λέγω
410 2522 459 2564 in
493 2522 578 2580 ἔχω
612 2536 713 2565 corr
739 2523 801 2566 M
918 2527 941 2565 7
976 2522 1157 2577 ἐκράτει
1187 2523 1405 2579 τοιαύτης
1433 2523 1493 2566 Μ
1514 2524 1521 2578 Ι
1547 2521 1765 2577 τοιαύτης
1796 2537 1871 2565 om
1901 2522 1958 2566 Vi

384 2586 410 2625 8
442 2581 570 2635 παρὰ
602 2581 652 2624 in
683 2594 757 2624 ras
792 2581 885 2625 Va²
926 2584 932 2638 Ι
974 2583 1129 2626 πάντα
1162 2584 1220 2627 Vi
1261 2584 1268 2639 Ι
1310 2581 1424 2640 Δία]
1458 2578 1639 2636 διαίτης
1669 2583 1747 2624 καὶ
1783 2583 1840 2626 Vi

267 2645 291 2682 9
328 2639 536 2691 ἑκούσιος
561 2666 615 2672 -
646 2645 699 2682 17
733 2640 870 2697 χάριν
910 2641 1028 2684 citat
1058 2641 1291 2685 Macarius
1329 2640 1410 2684 fol.
1437 2645 1517 2683 86
1567 2644 1572 2694 Ι
1623 2640 1763 2684 ἄνοια
1798 2640 1960 2683 Macar

389 2704 442 2742 10
474 2698 728 2754 λελόγισται
752 2700 856 2744 Aoz
977 2704 1028 2743 11
1062 2707 1116 2758 τῇ
1148 2700 1325 2744 inserui
1347 2713 1404 2744 ex
1427 2701 1531 2743 HV
1527 2700 1650 2743 iACl
1672 2698 1834 2755 Doxap
1858 2698 1958 2742 Ma·-

269 2772 346 2802 car
407 2772 482 2802 om
506 2759 696 2803 BVaM
727 2761 733 2814 Ι
767 2767 931 2813 κρατεῖ
959 2760 1016 2803 Vi
1138 2764 1191 2802 12
1223 2759 1364 2817 τύχης
1392 2758 1556 2814 Doxap
1592 2761 1597 2814 Ι
1636 2757 1959 2802 πεπολίτευται

278 2819 333 2861 Vi
392 2818 637 2872 πορεύεται
657 2817 711 2862 C'l
831 2822 884 2861 13
917 2818 997 2861 καὶ
995 2820 1070 2892 (2)
1095 2832 1172 2862 om
1187 2818 1240 2862 Ol
1266 2821 1272 2871 Ι
1299 2818 1683 2873 προσδοκώμενος
1699 2818 1768 2861 Va
1793 2818 1956 2872 Doxap

390 2881 444 2920 14
474 2877 584 2926 τοὺς
614 2890 686 2919 om
713 2877 759 2920 B
905 2881 959 2920 16
992 2873 1093 2921 ἶσον
1117 2879 1175 2922 H
1179 2879 1283 2922 V‘tB
1295 2877 1428 2921 VaM
1455 2876 1566 2920 Fen·
1596 2876 1664 2919 Re
1742 2872 1842 2920 ἴσον
1877 2875 1958 2919 καὶ

268 2935 369 2978 Mor
430 2929 574 2990 ἧσσον
599 2934 700 2979 ACl
823 2940 873 2978 17
909 2932 994 2979 οὖν
1017 2938 1061 2979 Α
1089 2937 1095 2993 Ι
1123 2953 1201 2992 μοι
1232 2950 1307 2980 om
1334 2937 1397 2979 M
