2014 3158
321 115 459 158 FILII
490 113 854 159 INSIDIARUM
886 113 988 157 REI
1019 113 1246 158 MORTIS
1277 114 1516 159 ΡΕΤΙΤΙΟ
1671 114 1776 167 701

202 257 247 302 7.
280 254 613 303 Vaticanus
644 271 717 318 gr.
744 255 812 302 82
847 247 944 321 (=
969 247 1072 319 Va)
1104 270 1230 305 saec.
1262 254 1380 303 XIV
1410 256 1495 304 fol.
1524 256 1632 304 51¹2
1666 253 1781 303 Cor·

85 331 251 378 rectus
291 331 366 377 est
404 344 555 376 manu
594 328 824 377 secunda.
878 327 939 376 In
969 328 1065 375 fine
1098 329 1474 378 declamationis
1507 324 1783 395 [ὠ]ρθώθη

86 418 240 450 manu
270 402 463 451 librarii
495 405 734 465 scriptum
773 404 860 452 est.
915 401 1175 451 Lectiones
1214 403 1397 452 codicis
1429 403 1693 451 Barberini
1729 405 1783 451 in

85 478 311 539 margine
343 477 405 524 ab
437 477 630 526 Allatio
662 478 856 540 positae
888 479 1017 524 sunt.
1073 477 1199 525 Vide
1230 479 1266 524 t.
1292 477 1317 524 I
1347 494 1394 539 p.
1422 480 1490 526 48
1510 493 1580 539 sq.

202 552 248 599 8.
282 551 714 599 Ambrosianus
757 551 798 598 L
825 552 894 599 64
934 545 1066 617 (485
1107 552 1161 598 in
1200 552 1428 615 catalogo
1467 551 1695 599 Martinii
1734 553 1785 599 et

84 618 272 691 Bassii)
305 618 400 691 (=
426 619 495 690 A)
535 641 661 674 saec.
686 625 804 672 XIV
843 625 927 674 fol.
956 627 1039 674 30.
1097 625 1357 674 Correctus
1405 629 1480 673 est
1521 641 1672 673 manu
1711 641 1783 673 se-

2 711 3 714 ’
89 699 262 747 cunda.
309 699 436 746 Vide
468 703 503 746 t.
529 700 553 746 I
584 717 631 762 p.
658 701 762 749 426
782 715 853 762 sq.
902 698 1116 748 Contuli.

200 775 247 821 9.
278 773 660 822 Matritensis
694 775 861 834 4679,
901 774 1021 821 olim
1059 774 1222 822 N-49
1244 767 1339 839 (=
1363 767 1470 839 Ma)
1509 789 1633 822 saec.
1664 773 1784 821 XIV

0 878 4 883 »
85 847 171 895 fol.
202 849 304 895 221.
367 846 627 896 Correctus
659 852 735 897 est
767 864 792 895 e
823 849 950 896 Mon
980 849 1060 895 vel
1091 848 1256 897 codice
1297 864 1408 896 cum
1445 849 1539 896 hoc
1570 850 1784 911 cognato

86 921 314 970 manibus
363 922 576 970 secunda
623 925 673 970 et
718 922 882 970 tertia.
945 922 1073 970 Vide
1119 925 1155 970 t.
1178 923 1206 970 I
1250 940 1297 984 p.
1334 924 1438 970 362
1459 937 1529 983 sq.
1563 924 1613 969 et
1650 924 1686 969 t.
1712 921 1784 968 IV

89 1011 136 1057 p.
163 997 285 1043 417.
342 994 568 1044 Contulit
604 1012 770 1044 meum
799 998 854 1044 in
884 1012 1032 1053 usum
1063 997 1306 1044 Henricus
1340 996 1566 1044 Schenkl.

202 1071 284 1119 10.
316 1069 682 1119 Bodleianus
713 1060 1143 1119 Miscellaneus
1170 1072 1275 1119 208
1303 1064 1398 1136 (=
1426 1064 1507 1135 Ol)
1532 1070 1652 1118 olim
1683 1069 1783 1118 col-

84 1143 206 1207 legii
246 1142 704 1193 claromontani
734 1145 1028 1194 Parisiensis
1060 1161 1184 1194 saec.
1209 1145 1328 1192 XIV
1351 1146 1436 1194 fol.
1463 1146 1559 1192 85v
1583 1138 1781 1210 (2065.

84 1217 214 1266 Vide
244 1233 394 1280 supra
425 1236 472 1281 p.
501 1220 620 1267 261.
664 1219 743 1266 Ad
776 1234 951 1268 manus
975 1222 1077 1268 tres
1101 1219 1413 1268 correctrices
1439 1234 1562 1281 quas
1592 1218 1665 1266 ibi
1695 1233 1810 1266 no·-

84 1293 191 1339 tavi
213 1307 326 1341 raro
350 1294 403 1340 in
426 1293 521 1341 hac
537 1294 897 1342 declamatione
922 1294 1114 1342 accedit
1136 1309 1312 1341 manus
1330 1297 1522 1355 quarta.
1557 1291 1784 1340 Contulit

84 1382 251 1413 meum
282 1366 335 1413 in
366 1363 512 1415 usum
544 1368 632 1414 Th.
659 1368 934 1416 Thalheim.

202 1442 283 1487 11.
309 1440 684 1503 Mosquensis
711 1442 1038 1491 bibliothecae
1063 1442 1317 1505 synodalis
1342 1443 1448 1490 489
1481 1435 1622 1507 (olim
1651 1432 1783 1506 317)

85 1528 210 1562 saec.
235 1514 327 1560 XV
357 1515 442 1563 fol.
470 1516 553 1564 63.
599 1516 727 1564 Vide
757 1520 793 1565 t.
820 1517 864 1563 V
894 1534 942 1579 p.
971 1519 1077 1566 180
1094 1532 1164 1578 sq.

198 1589 274 1635 Ex
304 1589 381 1637 his
415 1605 537 1651 quos
575 1591 628 1638 in
667 1606 868 1639 censum
897 1591 1147 1640 vocandos
1186 1607 1288 1639 esse
1329 1590 1446 1638 duxi
1478 1589 1668 1637 codices
1700 1603 1783 1636 sex

85 1662 212 1710 Mon
223 1662 559 1712 VaAMaGlB
580 1667 760 1714 'rursus
791 1666 846 1713 in
876 1665 1000 1714 duas
1030 1665 1289 1714 discedunt
1319 1664 1537 1712 familias
1571 1679 1784 1724 quarum

86 1737 224 1797 prior
254 1737 419 1786 codice
449 1739 596 1800 Mon,
637 1740 795 1788 altera
827 1740 1079 1789 codicibus
1123 1738 1454 1788 VaAMaolB
1486 1738 1784 1797 continetur,

86 1809 161 1858 ita
190 1813 358 1858 tamen
389 1814 450 1859 ut
489 1813 564 1862 Va
594 1815 749 1862 etiam
779 1815 883 1862 vim
918 1814 1102 1862 codicis
1139 1815 1320 1877 prioris
1362 1812 1581 1860 familiae
1615 1827 1783 1872 exper-

85 1885 168 1932 tus
200 1885 278 1932 sit.
327 1884 591 1935 Rationem
615 1904 744 1950 quae
775 1888 907 1937 inter
930 1889 1152 1953 singulos
1177 1888 1366 1936 codices
1397 1885 1661 1934 intercedit
1690 1885 1784 1933 hoc

86 1957 182 2005 tibi
211 1958 383 2007 reddet
414 1962 623 2010 stemma

90 2858 117 2890 e
151 2859 248 2905 quo
280 2843 429 2891 simul
459 2842 616 2891 disces
650 2843 725 2892 Va
748 2846 798 2892 et
819 2843 869 2892 A
895 2859 999 2892 esse
1032 2844 1222 2892 codices
1254 2844 1448 2893 mixtos.
1495 2845 1625 2893 Nam
1649 2851 1780 2895 uter-

0 2942 7 2952 ÷
92 2932 188 2978 que
222 2916 421 2979 quidem
452 2916 516 2965 ad
546 2918 579 2964 d
608 2917 751 2978 redit,
783 2917 867 2966 sed
898 2919 952 2965 in
992 2918 1067 2966 Va
1097 2917 1332 2966 lectiones
1371 2934 1470 2967 non
1501 2919 1663 2967 solum
1694 2919 1721 2968 o
1751 2920 1780 2968 b
