2020 3146
629 131 822 175 AVARI
850 131 1075 176 MORTIS
1106 129 1344 175 ΡΕΤΙΤΙΟ
1762 132 1832 185 37

142 268 443 331 ἀκούοντος
480 269 570 321 καὶ
607 268 785 321 πάντα
824 267 1065 336 ὁρῶντος
1102 265 1192 321 καὶ
1232 268 1493 338 μηδαμῶς
1533 266 1835 337 ἐκφέρεσθε

139 367 252 410 τῶν
293 358 477 426 ἰχνῶν.

252 444 338 498 53.
386 444 497 498 Καὶ
545 444 634 499 σοὶ
681 444 766 512 δέ,
807 442 849 499 ὦ
887 447 1079 514 γύναι,
1132 455 1385 514 παραινῶ
1439 447 1682 516 μενούσῃ
1733 446 1836 514 μὲν

142 535 309 588 ἔνδον
347 543 535 605 τηρεῖν
566 534 599 587 ἃ
630 534 968 604 μεμάθηκας,
1010 536 1058 588 εἰ
1091 533 1139 587 δ’
1179 533 1343 606 ἑτέρω
1385 534 1501 589 δέοι
1535 544 1836 604 συνοικεῖν,

143 626 320 691 ζητεῖν
360 624 539 693 ἄνδρα
578 621 700 692 ἐμοὶ
731 625 1071 690 προσόμοιον
1101 622 1194 676 καὶ
1228 629 1358 687 ἴσως
1390 625 1491 677 οὐκ
1523 624 1834 694 ἀπορήσεις.
1881 645 1903 678 5

252 711 336 764 54.
371 710 509 781 Ἐγὼ
549 709 610 765 δὲ
650 711 842 776 ἐλπίζω
882 715 1079 780 βελτίω
1120 714 1245 765 τινὰ
1283 714 1469 782 χώραν
1508 712 1650 777 ἕξειν
1686 714 1836 782 παρὰ

140 809 256 862 τοῖς
294 801 547 854 κάτωθεν
586 801 851 869 ἀδικήσας
888 799 991 869 μὲν
1031 800 1259 870 οὐδένα,
1305 802 1586 871 τάμαυτοῦ
1627 799 1688 855 δὲ
1728 823 1835 872 φυ-

141 889 318 953 λάξας.
357 898 453 958 τῆς
492 891 554 943 δὲ
593 890 707 943 ε’κεῖ
742 891 955 959 διαίτης
992 890 1084 944 καὶ
1123 901 1235 944 τῶν
1265 891 1603 960 πραγμάτων
1639 892 1701 944 τὸ
1732 888 1836 960 μὲν

141 976 371 1046 ἐπαινῶ,
418 979 478 1032 τὸ
521 976 582 1032 δὲ
621 979 703 1032 οὔ.
758 980 930 1033 καλὸν
970 973 1116 1033 εἷναί
1157 1000 1251 1050 μοι
1300 981 1556 1049 φαίνεται
1601 981 1662 1033 τὸ
1701 982 1835 1049 μήτε

139 1065 419 1136 εἰσφέρειν
455 1069 590 1136 μήτε
627 1077 889 1137 χορηγεῖν
925 1071 1059 1138 μήτε
1106 1069 1376 1122 ὠνεῖσθαι
1422 1067 1621 1138 μηδέν,
1669 1067 1834 1137 ἀηδὲς
1858 1089 1902 1123 ιο

139 1151 202 1208 δὲ
247 1158 309 1210 τὸ
348 1159 422 1227 μὴ
468 1152 612 1211 εἶναι
658 1158 805 1227 παρὰ
850 1168 966 1220 τοῖς
1018 1164 1326 1211 τεθνεῶσιν
1380 1157 1666 1227 ἀργύριον.
1721 1157 1834 1211 ἔδει

138 1251 263 1320 γάρ,
301 1242 474 1316 οἶμαι,
519 1245 610 1300 καὶ
655 1252 951 1316 κεκτῆσθαι
987 1245 993 1318 Ι
1027 1245 1119 1299 καὶ
1157 1248 1230 1316 μὴ
1278 1247 1652 1315 δαπανᾶσθαι,
1698 1251 1922 1297 RIV216

139 1337 230 1392 καὶ
268 1334 340 1406 ἦν
379 1337 448 1389 ἂν
494 1343 659 1388 τοῦτο
705 1345 818 1388 τῶν
865 1334 926 1388 ἐν
972 1336 1235 1406 μακάρων
1280 1337 1471 1403 νήσοις
1515 1336 1832 1405 κεφάλαιον.

139 1426 256 1480 ἀλλ’
312 1426 457 1495 ὅμως
502 1423 723 1492 βέλτιον
766 1423 887 1492 μήτ’
935 1426 1084 1494 ἔχειν
1136 1427 1268 1494 μήτε
1321 1427 1751 1495 περικόπτεσθαι
1800 1425 1834 1494 ἢ

139 1518 200 1570 τὸ
241 1515 343 1584 μὲν
380 1511 545 1583 ἔχειν,
584 1513 645 1566 τὸ
686 1509 747 1566 δὲ
787 1513 925 1582 ὁρᾶν
964 1511 1188 1583 ἑτέρους
1225 1511 1689 1584 ἀφαιρουμένους.
1858 1537 1900 1570 15

261 1680 284 1718 7
319 1674 458 1732 Soph.
490 1674 600 1718 Ant.
628 1677 764 1728 10703
798 1679 874 1727 253
908 1678 991 1717 521

262 1829 284 1866 1
320 1823 575 1873 ἀκούοντος
604 1822 684 1865 καὶ
716 1821 872 1866 πάντα
905 1837 981 1867 om
1006 1824 1081 1867 La
1202 1827 1227 1866 3
1262 1822 1316 1866 σύ
1341 1825 1415 1867 Ρα
1442 1826 1448 1880 Ι
1477 1822 1530 1867 δέ
1554 1837 1626 1867 om
1651 1824 1721 1868 Va
1752 1823 1833 1866 sed

142 1883 182 1927 εἰ
212 1882 339 1926 inser
368 1882 439 1926 m²
560 1886 585 1924 6
617 1880 748 1936 παρὰ
774 1883 847 1926 La
880 1882 962 1926 sed
995 1882 1134 1926 ambo
1167 1900 1197 1926 α
1220 1882 1271 1926 in
1294 1896 1369 1926 ras
1394 1898 1432 1940 p
1555 1887 1578 1926 7
1611 1881 1735 1926 κάτω
1762 1884 1837 1927 Ρα

199 1941 322 1986 κάτω
339 1945 472 1993 θεοῖς
490 1940 619 1985 OzLa
731 1944 758 1984 8
784 1938 832 1984 δ’
854 1943 927 1986 Ρα
950 1941 1053 1986 Mor
1076 1941 1145 1986 Re
1267 1947 1292 1985 9
1318 1943 1373 1986 οὐ
1395 1942 1538 1986 καλὸν
1555 1943 1707 1987 PaLa
1716 1941 1833 1985 VaB

140 2001 243 2044 Mor
269 2004 275 2058 Ι
303 1997 427 2044 εἷναί
458 2015 534 2044 om
558 2001 633 2044 Pa
663 1999 766 2043 Mor
797 2001 879 2044 sed
910 2001 959 2044 in
990 2001 1079 2046 hoc
1110 2018 1165 2058 γρ
1197 2001 1247 2044 in
1271 2015 1419 2059 marg,
1453 2001 1521 2045 Re
1547 2002 1556 2058 Ι
1582 2001 1726 2045 καλὸν
1750 2000 1835 2056 μὲν

141 2062 249 2104 ante
279 2060 331 2104 τὸ
358 2061 434 2104 La
556 2063 611 2102 10
644 2058 850 2113 ὁρᾶσθαι
874 2061 948 2104 Ρα
1070 2066 1123 2104 11
1156 2067 1219 2104 τῶ
1244 2061 1320 2105 La
1347 2064 1352 2118 Ι
1380 2060 1510 2116 παρὰ
1535 2061 1611 2105 La
1635 2060 1717 2104 sed
1741 2059 1835 2115 αρὰ

139 2119 189 2162 in
220 2134 295 2163 ras
324 2134 358 2176 p
481 2123 534 2163 12
567 2118 720 2175 καὶ(1)
752 2131 827 2162 om
854 2118 906 2164 01
1027 2124 1082 2163 13
1118 2120 1198 2164 καὶ
1231 2119 1430 2164 alterum
1463 2121 1572 2164 ante
1601 2127 1736 2163 τοῦτο
1762 2121 1835 2164 Ρα

139 2178 311 2281 Egetdd
386 2183 441 2221 14
482 2175 849 2234 περικόπτεσθαι
889 2178 1054 2235 scripsi
1086 2191 1111 2223 e
1145 2179 1275 2223 ClLa
1287 2180 1354 2224 Va
1430 2177 1690 2223 κόπτεσθαι
1715 2179 1836 2223 LPa

220 2251 244 2281 e
