2014 3158
160 639 180 672 5

140 1084 183 1117 10

142 1529 183 1563 15

205 126 314 180 690
594 192 598 196 ἱ
614 127 882 186 [LIBANII]
912 126 1308 172 DECLAMATIO
1341 127 1487 171 XLIX

204 266 403 316 λαθεῖν
440 262 749 332 πειρωμένη
797 264 1248 332 διεβουλεύσατο,
1301 272 1471 317 ταῦτα
1511 265 1901 336 φανερωτέραν

205 353 383 420 δήπου
423 350 765 420 κατέστησεν.

358 440 441 493 77.
480 439 630 493 Ἀλλ’
679 443 758 508 εἰ,
799 443 952 509 φησί,
995 443 1354 510 μιαιφόνος
1393 462 1490 505 τις
1528 438 1607 511 ἦν
1643 442 1749 495 καὶ
1788 443 1901 496 τὸν

204 531 449 598 τρόπον
489 529 690 592 οὕτως
729 529 1076 600 ἀνήμερος,
1124 531 1242 583 οὐκ
1282 530 1375 583 ἂν·
1404 538 1520 584 τοῦ
1566 519 1938 601 προγόνου’

204 618 990 688 παντάπασιφεισαμένη
1048 620 1158 672 τὸν
1215 619 1494 688 ἐμαυτῆς
1547 620 1753 690 ἄνδρα
1806 621 1902 673 δι-

206 707 590 777 εχρησάμην.
640 701 754 760 εἶτα
801 707 1166 777 σοφιζομένης
1213 709 1379 776 αὐτῆς
1426 708 1595 762 πάλιν
1642 707 1901 772 ἀνέξεσθε

204 794 294 849 καὶ
349 805 464 858 τοῖς
515 797 833 866 πράγμασιν
886 797 1075 860 αὐτοῖς
1129 797 1528 866 ἀπιστήσαντες
1589 807 1705 860 τοῖς
1766 798 1902 867 πρὸς

206 885 421 954 ἀπάτην
466 886 934 955 μεμηχανημένοις
984 886 1297 957 προσέξετε;
1354 888 1438 939 δεῖ
1493 884 1554 939 δὲ
1610 885 1756 955 ὅμως
1809 884 1902 938 καὶ

205 982 406 1028 τοῦτον
445 975 613 1044 αὐτῆς
651 974 923 1043 διελέγξαι
954 977 1053 1028 τὸν
1085 978 1268 1043 λόγον.
1312 976 1395 1028 78.
1429 976 1602 1028 πολλὰ
1634 976 1736 1043 τὴν
1769 974 1904 1043 ἐμὴν

207 1062 494 1133 ἀναίρεσιν
541 1064 826 1116 διεκώλυε·
880 1073 1102 1133 πρῶτον
1148 1062 1251 1133 μὲν
1305 1064 1565 1117 ἀπάντων
1614 1062 1705 1116 καὶ
1752 1063 1902 1132 μέγι-

206 1166 363 1220 στον,
412 1152 440 1206 ὁ
480 1154 655 1222 πατὴρ
697 1153 934 1221 εὐνοῶν,
983 1154 1303 1222 φυλάττων,
1342 1154 1665 1222 κηδόμενος·
1717 1150 1902 1206 ἔπειτα

207 1239 267 1293 δὲ
306 1249 401 1310 τῆς
443 1242 682 1315 ὑποψίας
720 1241 748 1295 ὁ
790 1244 966 1310 φόβος
1005 1241 1095 1295 καὶ
1134 1251 1229 1312 τῆς
1268 1245 1534 1311 τιμωρίας
1575 1242 1603 1295 ὁ
1639 1242 1903 1303 κίνδυνος

206 1328 296 1383 καὶ
336 1332 396 1383 τὸ
446 1327 707 1399 δυσχερὲς
752 1330 853 1397 μὲν
901 1339 994 1399 τῆς
1041 1330 1397 1400 ἀναιρέσεως,
1445 1329 1643 1401 ῥᾴδιον
1691 1331 1751 1383 δὲ
1790 1340 1903 1382 τῶν

208 1417 556 1482 ἀποδείξεων.
595 1419 722 1471 οὔτε
761 1421 864 1488 γὰρ
906 1419 934 1472 ὁ
972 1422 1149 1488 πατὴρ
1189 1420 1388 1488 καιρὸν
1434 1419 1688 1472 ἐνεδίδου
1732 1419 1902 1488 ταύτῃ

207 1508 344 1576 πρὸς
381 1509 484 1576 τὴν
523 1507 810 1577 ἀναίρεσιν
849 1509 977 1561 οὔτε
1015 1509 1125 1576 μὴν
1165 1507 1270 1576 ἐγὼ
1313 1509 1510 1571 δεδιὼς
1549 1508 1632 1561 ἀεὶ
1671 1508 1760 1560 καὶ
1797 1527 1903 1575 φυ-

210 1599 536 1665 λαττόμενος
590 1595 703 1650 οὔτ’
759 1596 827 1649 ἂν
882 1600 1196 1666 τολμήσασα
1249 1599 1350 1651 τὸν
1406 1601 1586 1665 φόνον
1641 1595 1903 1649 διέλαθεν

209 1684 322 1739 οὔτ’
372 1684 441 1739 ἂν
488 1684 691 1756 ἑτέροις
738 1687 920 1752 ὥσπερ
967 1694 1075 1739 νῦν
1129 1686 1484 1753 ἀντεγκαλεῖν
1539 1685 1904 1755 ἐπεχείρησεν,

209 1768 345 1827 ἀλλὰ
401 1773 682 1842 διήλεγξεν
735 1774 805 1828 ἂν
859 1774 887 1827 ὁ
916 1776 1114 1845 ’,πατὴρ
1172 1775 1374 1845 ῥᾳδίως
1428 1776 1524 1827 τὸν
1578 1775 1759 1843 φόνον
1811 1771 1902 1826 καὶ

331 1925 355 1962 3
386 1920 573 1977 πιθανὴ
605 1917 836 1976 ἀπολογία
861 1921 1125 1965 MrubrMa³
1187 1918 1426 1970 ἀντίθεσις
1450 1922 1586 1964 Brubr
1722 1923 1746 1962 6
1779 1919 1904 1969 λύσις

210 1981 256 2024 Β
379 1984 404 2022 9
438 1978 709 2036 ἐπιχείρημα
742 1979 835 2024 ἀπὸ
867 1986 947 2036 τῆς
978 1978 1132 2029 αἰτίας
1155 1981 1200 2023 Β

331 2117 356 2155 3
390 2111 505 2168 φησί
531 2114 583 2158 Ol
614 2113 695 2156 sed
726 2130 754 2169 η
787 2127 843 2156 ex
876 2129 899 2156 ο
933 2127 1034 2156 corr
1066 2113 1134 2156 m⁸
1176 2113 1183 2171 1
1232 2111 1301 2163 τίς
1334 2112 1581 2157 ViMaAth
1701 2116 1727 2153 4
1760 2109 1905 2161 οὕτως

210 2173 335 2215 inser
367 2172 460 2217 Va²
580 2177 605 2215 5
639 2173 837 2228 ἐμαυτῆς
869 2173 927 2216 Vi
950 2172 1031 2216 sed
1059 2172 1256 2228 ἐμαυτοῦ
1281 2172 1329 2214 in
1353 2185 1488 2226 marg
1511 2171 1581 2214 m²
1702 2175 1726 2213 6
1761 2171 1905 2225 αὐτῆς

211 2230 260 2274 in
292 2245 425 2288 marg
458 2231 536 2275 Vi²
657 2236 679 2273 7
714 2232 793 2274 καὶ
827 2245 901 2274 om
935 2232 992 2275 Vi
1018 2233 1023 2289 Ι
1053 2230 1385 2285 ἀπιστήσαντες
1418 2232 1486 2275 Va
1517 2230 1599 2274 sed
1631 2230 1716 2273 ἀπι
1748 2229 1796 2272 in
1828 2243 1902 2272 ras

211 2291 387 2334 maiore
418 2290 489 2333 m²
563 2290 887 2344 ἐπιστήσαντες
910 2292 971 2334 M
1002 2291 1102 2333 Mor
1133 2291 1214 2345 qui
1255 2291 1339 2334 οὐκ
1380 2289 1755 2345 anteponendum
1799 2288 1903 2332 coni

211 2349 307 2394 Non
442 2354 468 2393 8
499 2348 918 2406 μεμηχανευμένοις
949 2350 1006 2393 Vz'
1066 2348 1454 2406 μεμηχανωμένης
1485 2349 1556 2392 Va
1588 2348 1670 2391 sed.
1701 2365 1729 2403 η
1763 2361 1902 2403 supra.
1946 2358 1947 2362 ’

213 2425 248 2452 ω
282 2411 329 2452 et
359 2426 414 2464 ης
444 2410 494 2452 in
526 2425 595 2459 οις
627 2422 727 2481 corr
758 2409 828 2451 m²
960 2413 984 2451 9
1020 2410 1163 2464 αὐτῆς
1193 2409 1273 2451 καὶ
1296 2415 1462 2453 τοῦτον
1486 2409 1612 2452 BVa
1673 2407 1815 2462 αὐτῆς
1852 2406 1903 2450 Vi

273 2528 433 2578 αὐτοῖς
463 2526 565 2571 Mor
613 2528 618 2579 Ι
667 2470 840 2581 ἓέἔϊόν
865 2528 958 2571 Ath
1103 2531 1156 2569 10
1189 2527 1434 2570 διεκώλυσε
1459 2527 1565 2570 HV
1635 2525 1802 2568 ἐκώλυε
1835 2525 1904 2569 Va

335 2591 388 2629 12
422 2584 641 2637 κίνδυνος
671 2586 720 2629 in
751 2599 826 2629 ras
864 2585 953 2628 Va²
1075 2590 1128 2629 13
1161 2585 1440 2639 ἀναιρέσεως
1473 2586 1542 2629 Va
1573 2585 1654 2628 sed
1681 2601 1730 2626 αι
1753 2584 1802 2626 in
1828 2596 1903 2626 ras

214 2644 283 2687 m²
332 2647 337 2697 Ι
389 2644 440 2689 δὲ
471 2646 552 2688 καὶ
583 2647 691 2688 ante
722 2652 814 2687 τῶν
849 2646 906 2688 Vi
937 2645 1017 2688 sed
1051 2644 1212 2689 &edvin
1243 2659 1376 2698 marg
1408 2644 1478 2686 m²
1600 2648 1653 2687 14
1690 2640 1902 2686 ἐνεδίδου

215 2703 379 2759 scripsi
414 2718 468 2747 ex
494 2705 548 2747 H
556 2705 834 2749 VMaClAth
910 2703 1069 2747 ἐδίδου
1103 2704 1161 2747 Vi
1192 2703 1273 2747 sed
1316 2701 1527 2747 ἐνεδίδου
1567 2702 1616 2745 in
1655 2715 1787 2758 marg
1819 2699 1901 2753 m',

215 2764 407 2807 BVaM
434 2763 525 2806 edd
649 2767 702 2806 15
735 2760 907 2819 ῥαδίως
933 2763 985 2807 Cl
1016 2763 1098 2806 sed
1129 2763 1178 2805 in
1211 2763 1375 2812 δεδιὼς
1407 2775 1509 2805 corr
1539 2761 1608 2804 m'
1635 2764 1640 2816 Ι
1668 2761 1748 2804 καὶ
1779 2760 1903 2801 inser

218 2821 292 2867 ΟΡ
414 2827 466 2864 16
501 2820 601 2865 οὔτ’
639 2820 716 2879 ἂν]
750 2821 854 2865 οὔτε
889 2822 944 2864 Vi
971 2824 976 2877 Ι
1004 2822 1085 2865 τὸν
1112 2820 1263 2876 φόνον
1289 2847 1341 2853 --
1370 2825 1470 2875 691,
1491 2826 1512 2864 1
1547 2818 1822 2874 πικρότατος
1852 2817 1901 2860 in

214 2894 349 2937 marg
378 2881 502 2923 inser
529 2880 603 2924 012
637 2882 643 2938 Ι
678 2880 868 2924 διέλαθε
903 2881 970 2924 Va
1000 2881 1092 2924 edd
1215 2885 1266 2923 17
1303 2877 1402 2924 οὔτ’
1437 2879 1487 2922 in
1517 2894 1592 2922 ras
1619 2877 1730 2922 Ma⁴1
1757 2880 1763 2933 Ι
1803 2876 1901 2919 ἐπε-

214 2937 424 2996 χείρησεν
451 2940 540 2982 Μα
572 2941 652 2983 sed
685 2957 738 2995 γρ
773 2936 893 2997 εἶχεν
917 2953 1130 2995 suprascr
1159 2938 1229 2980 m³
1291 2935 1411 2995 εἶχεν
1442 2938 1500 2980 Μ
