2020 3146
78 107 161 151 AD
193 104 692 151 ANTEGEDENTEM
723 103 1252 149 DECLAMATIONEM
1284 104 1618 151 ANTILOGIA
1668 105 1770 158 147

78 242 306 311 μισητὸς
345 240 435 294 καὶ
475 243 608 311 μετὰ
655 251 767 295 τῶν
814 240 1033 310 ἐχθρῶν
1083 241 1495 309 ἀριθμούμενος
1541 240 1633 295 καὶ
1680 243 1774 295 διὰ

77 338 240 385 τοῦτο
282 328 593 400 ἐξωθοῦμαι
625 328 726 399 μὲν
755 338 851 399 τῆς
883 331 1074 398 οῑκίας,
1115 332 1192 392 εἰς
1221 333 1459 400 κόρακας
1491 328 1552 383 δὲ
1583 332 1774 401 μυριά-

76 439 161 481 κις
192 426 287 487 τῆς
318 420 486 489 αὐτῆς
519 420 663 489 ὥρας
693 418 979 487 βάλλομαι,
1013 419 1105 470 διὰ
1137 418 1404 487 βραχέων,
1436 420 1508 482 ὡς
1540 422 1771 488 ἔνεστιν,

79 507 263 576 ἐπειδὴ
282 506 420 578 μηδὲ
437 516 607 562 ταῦτα
622 511 902 570 παντελῶς
918 507 1159 575 ἀγνῶτές
1177 506 1313 575 ἐστε,
1333 507 1437 577 ἐρῶ
1455 509 1593 576 πρὸς
1615 508 1769 575 ὑμᾶς.

191 597 273 650 13.
328 601 583 665 Νοσῆσαι
629 593 730 664 μὲν
778 597 846 664 δὴ
893 597 1030 648 κατὰ
1075 598 1252 664 νόμον
1304 604 1399 665 τῆς
1454 595 1771 666 ἀνθρώπων
1817 617 1838 651 5

75 687 294 754 φύσεως
333 684 424 738 καὶ
462 687 624 739 τόνδε
656 683 976 753 συνηνέχθη
1008 684 1288 752 πολλάκις,
1327 685 1427 737 τὸν
1460 683 1594 754 ἐμὸν
1630 685 1769 753 λέγω

74 774 293 843 πατέρα.
333 776 477 843 πλὴν
514 775 610 837 τὰς
654 774 861 836 πολλὰς
900 773 1110 836 ἐκείνας
1157 775 1208 826 εἰ
1244 772 1334 826 καὶ
1375 778 1622 843 χαλεπῶς
1660 776 1770 828 διε-

73 867 262 916 τίθετο
302 865 438 916 κατὰ
477 865 610 932 μίαν
647 871 858 931 νοσῶν,
906 860 1022 915 ἀλλ’
1072 862 1138 915 οὐ
1185 870 1467 936 τοσοῦτον·
1502 864 1641 916 ὥστε
1679 863 1770 917 καὶ

72 954 339 1006 κίνδυνον
387 951 652 1005 ἐντεῦθεν
697 951 1119 1020 ὑποπτευθῆναι
1172 953 1474 1020 συμβῆναι,
1530 951 1648 1005 ἀλλ’
1700 949 1770 1021 ἦν

73 1042 306 1106 ἐλπίζειν
346 1038 424 1094 ἔτι
464 1040 555 1094 καὶ
596 1043 866 1110 σωτηρίας
905 1041 1200 1110 τυγχάνειν
1247 1039 1338 1093 καὶ
1385 1039 1768 1109 ἀνακτηθῆναι
1793 1062 1837 1095 ιο

72 1132 370 1199 δύνασθαι,
409 1131 500 1183 καὶ
531 1129 800 1199 ἐτύγχανέ
832 1149 894 1198 γε
925 1130 1128 1198 ταύτης
1159 1128 1250 1182 καὶ
1291 1129 1554 1183 ἀνεκτᾶτο
1594 1131 1768 1197 μεθύ-

73 1235 290 1287 στερον·
331 1219 391 1272 ἐν
423 1217 485 1273 δὲ
515 1229 631 1283 τοῖς
661 1220 996 1281 τελευταίοις
1034 1219 1253 1282 τούτοις
1291 1227 1563 1273 τοσοῦτον
1601 1220 1767 1288 ὑπερ-

73 1308 231 1377 έβαλε
273 1311 335 1363 τὸ
379 1310 568 1362 δεινὸν
606 1308 699 1362 καὶ
739 1307 915 1376 πάσης
955 1308 1304 1378 ὑψηλότερον
1343 1311 1610 1377 βοηθείας
1649 1309 1767 1362 ἐδό-

70 1417 152 1451 κει
193 1399 265 1460 ὡς
303 1393 431 1467 μηδ’
478 1397 538 1451 ἐν
576 1398 814 1467 ὀνείροις
854 1397 1072 1450 ἐλπίσαι
1112 1399 1471 1467 χρηστότερα,
1503 1399 1663 1466 μήτοι
1702 1417 1766 1466 γε

67 1486 196 1540 καθ’
242 1487 391 1558 ὕπαρ
440 1489 630 1540 εἰπεῖν.
685 1488 855 1557 ταύτῃ
907 1506 992 1540 τοι
1041 1485 1132 1540 καὶ
1178 1483 1373 1555 ἔλεγον
1418 1486 1520 1553 μὲν
1568 1488 1763 1557 ἰατροί,
1790 1506 1832 1540 16

68 1573 261 1644 ἔλεγον
315 1573 375 1629 δὲ
428 1577 521 1629 καὶ
572 1576 773 1639 πάντες
831 1577 987 1629 ἄλλοι
1045 1575 1269 1638 ἕκαστος
1323 1579 1765 1644 φιλοσοφοῦντες

66 1667 190 1734 περὶ
237 1674 349 1718 τῶν
394 1668 688 1731 παρόντων
735 1667 808 1727 ὡς
857 1662 1075 1734 ἔτυχεν,
1131 1665 1263 1734 ὅπερ
1319 1666 1649 1733 συμβαίνειν
1702 1663 1765 1718 ἐν

65 1763 179 1817 τοῖς
218 1754 492 1817 τοιούτοις
531 1759 700 1824 φιλεῖ,
739 1754 883 1822 πλὴν
914 1754 1003 1806 καὶ
1037 1748 1193 1806 οὗτοι
1225 1753 1470 1806 κάκεῖνοι
1500 1754 1566 1806 τὰ
1597 1755 1760 1823 χείρω

66 1842 190 1910 περὶ
230 1843 417 1897 αὐτοῦ.
491 1844 574 1896 14.
613 1844 829 1896 τούτων
867 1841 916 1896 δ’
964 1842 1140 1905 οὕτως
1187 1841 1428 1911 ἐχόντων
1474 1841 1566 1895 καὶ
1609 1847 1763 1911 λεγο-

65 1931 249 2000 μένων
288 1931 359 1994 ὡς
400 1933 678 2000 διεκείμην
717 1933 906 1999 αὐτός,
948 1933 1030 1994 τίς
1068 1930 1138 1984 ἂν
1177 1930 1395 1999 ἀρκέσει
1436 1932 1528 1984 διὰ
1567 1931 1761 1994 τέλους
1785 1951 1830 1983 20

65 2023 264 2085 εἰπεῖν;
315 2022 517 2084 νύκτας
562 2021 664 2090 μὲν
709 2022 814 2091 γὰρ
864 2021 933 2088 δὴ
979 2021 1076 2083 τὰς
1121 2020 1320 2088 πάσας,
1368 2019 1440 2073 ἵν’
1495 2018 1761 2073 ἐντεῦθεν

66 2109 326 2179 ἄρξωμαι,
381 2108 468 2178 ἐφ’
516 2110 649 2162 ὅσον
694 2110 727 2178 ἡ
766 2111 933 2172 νόσος
985 2119 1257 2178 κατεῖχεν,
1313 2109 1414 2161 οὐκ
1462 2106 1761 2179 ἐπέτρεπον

63 2200 164 2267 μὲν
203 2209 317 2262 τοῖς
357 2197 590 2261 οἰκέταις
627 2195 775 2267 ἔχειν
813 2197 938 2267 περὶ
978 2199 1077 2251 τὸν
1115 2199 1395 2266 κάμνοντα
1432 2196 1524 2250 καὶ
1563 2207 1759 2251 πονεῖν

66 2289 493 2357 διεγρηγορότας
525 2288 726 2349 αὐτοὺς
757 2285 849 2339 καὶ
879 2294 1062 2339 πᾶσαν
1094 2286 1550 2355 ἀποπληροῦντας
1590 2306 1756 2356 φρον-

62 2377 204 2444 τίδα,
245 2375 350 2444 ἐγὼ
392 2373 439 2429 δ’
489 2375 701 2448 ἐμαυτῷ
734 2375 1028 2445 προσέχειν
1065 2373 1258 2444 ἠξίουν
1296 2375 1478 2428 ὕπνου
1510 2394 1567 2428 τε
1597 2394 1754 2442 μετα·
1780 2395 1823 2428 25

63 2465 359 2533 λαγχάνειν
382 2463 472 2517 καὶ
502 2467 604 2533 τὴν
635 2466 809 2532 ἄλλην
842 2465 1123 2533 αἱρεῖσθαι
1154 2471 1254 2517 τοῦ
1287 2465 1536 2531 σώματος
1566 2467 1756 2532 χρείαν

63 2553 501 2621 ἀποπιμπλάναι,
563 2553 695 2622 ὅπερ
759 2559 889 2615 ἴσως
948 2561 1063 2615 τοῖς
1123 2555 1376 2605 πλείοσιν
1438 2551 1756 2620 ἀνθρώπων

64 2638 194 2694 οὐδὲ
240 2643 429 2709 πόρρω
478 2643 807 2710 συγγνώμης
853 2638 1043 2704 ἔδοξεν
1088 2640 1158 2694 ἂν
1209 2637 1351 2693 εἶναι
1405 2642 1465 2693 τὸ
1521 2641 1755 2709 στερρὸν

180 2806 204 2843 2
239 2803 455 2846 ὃιατοῦτο
481 2802 580 2846 LV
709 2807 734 2844 3
768 2800 1060 2859 ὃιαβραχέων
1094 2801 1138 2845 V
1277 2805 1330 2844 12
1363 2798 1415 2844 δὲ
1447 2799 1613 2857 scripsi
1646 2814 1750 2844 oum

61 2859 250 2904 Kurtzio
312 2860 370 2917 δὴ
389 2862 537 2917 LVpr
658 2866 710 2903 15
737 2860 962 2914 καθύπαρ
981 2860 1077 2903 LV
1196 2864 1248 2903 16
1275 2859 1458 2904 ἕκαστοι
1487 2859 1631 2902 Kurtz

61 2922 117 2962 20
141 2918 325 2974 ἀρκέσει
342 2919 508 2976 scripsi
569 2919 740 2976 ἀρκέσῃ
758 2919 906 2975 LVpr
933 2921 939 2974 Ι
967 2916 1204 2969 ὃιατέλους
1228 2919 1326 2963 LV
1440 2923 1495 2961 22
1522 2916 1751 2975 ἐφόσονΙι

1307 2991 1392 3035 10*
