2014 3158
250 130 360 184 434
659 130 927 190 [LIBANH]
960 126 1354 176 DECLAMATIO'
1381 131 1525 175 XLIII

251 269 482 335 ἀνέστησε
513 269 595 319 καὶ
626 270 711 319 τὸν
743 270 953 329 πολλοὺς
985 269 1220 321 ἀνελόντα
1245 271 1372 335 μόνη
1408 270 1522 334 μετὰ
1546 270 1627 320 καὶ
1650 278 1737 320 τοῦ
1762 272 1939 334 ξίφους

250 344 662 411 κατεστρατήγησε
692 341 774 393 καὶ
807 339 871 393 δι’
908 343 1017 404 ἑνὸς
1050 343 1212 407 φόνου
1250 344 1308 394 τὰ
1346 345 1573 394 κάλλιστα
1611 353 1708 394 τῶν
1747 345 1940 396 πώποτε

251 419 498 483 τροπαίων
523 417 735 467 ἀνείλετο
759 421 812 466 in
834 420 1004 467 multis
1030 421 1369 468 concinentem
1393 435 1503 468 cum
1527 422 1561 467 t.
1588 420 1661 468 VI
1687 422 1769 482 92,
1784 422 1849 468 13
1869 436 1940 482 sq.

250 491 415 557 λαβὼν
454 491 740 559 ἐγχειρίδιον
778 491 876 542 ὑπὸ
917 493 1072 556 μάλης
1111 492 1348 557 εἰσῆλθον
1391 493 1460 550 εἰς
1500 492 1551 542 τὸ
1593 493 1840 557 δωμάτων
1881 487 1941 543 οὗ

251 565 336 626 τὰς
368 566 590 632 πονηρὰς
623 565 806 631 βουλὰς
838 565 1065 631 ἐβούλευε
1088 565 1170 615 καὶ
1195 571 1296 626 τοῖς
1321 565 1410 630 μὲν
1435 565 1716 630 ὀφθαλμοῖς
1739 566 1941 631 ἐκεῖνον,

251 647 309 710 τῇ
342 640 513 708 γνώμῃ
547 638 599 690 δὲ
630 639 716 689 τὸν
748 641 908 705 δῆμον
941 639 1086 705 ὁρῶν,
1117 639 1203 689 τὸν
1236 638 1323 705 μὲν
1356 640 1564 705 μισήσας
1598 634 1668 690 ὧν
1699 640 1829 707 ἕδρα,
1857 640 1943 690 τὸν

254 713 306 763 δὲ
339 712 537 778 ἐλεήσας
569 707 638 763 ὧν
670 714 843 779 ἔπασχε
875 712 1143 779 προῦθηκα
1175 713 1232 763 τὰ
1263 714 1386 780 πρὸς
1419 714 1545 779 ὑμᾶς
1569 723 1666 764 τῶν
1698 714 1820 781 πρὸς
1855 715 1943 779 τὴν

255 789 409 851 φύσιν
443 789 649 838 δικαίων
681 787 763 837 καὶ
795 788 1023 854 γίγνομαι
1053 787 1209 854 γέρων
1242 788 1334 838 οὐκ
1372 788 1582 855 ἀγεννὴς
1622 786 1744 854 ὑπὲρ
1775 790 1944 852 νόμων

254 860 582 931 ἀνῃρημένων
614 861 698 911 καὶ
728 863 990 929 περιερρύη
1022 863 1136 931 τῇδε
1162 870 1219 931 τῇ
1247 863 1379 931 δεξιᾷ
1405 863 1456 913 τὸ
1482 858 1602 927 αἷμα
1626 870 1713 912 τοῦ
1738 864 1943 927 Κριτίου

254 935 336 986 καὶ
370 931 437 985 δι’
473 935 583 996 ἑνὸς
615 936 900 1003 παραδόξου
934 936 1096 999 φόνου
1128 936 1210 985 καὶ
1251 932 1359 986 οἷον
1384 936 1547 997 οὐδεὶς
1571 935 1633 986 ἂν
1657 935 1816 1003 ἕτερος
1847 937 1946 1003 ἔχοι

255 1009 409 1077 λέγειν
441 1010 602 1059 πάντα
633 1019 784 1059 πᾶσιν
817 1009 1124 1060 ἀποδέδοται.

366 1086 491 1133 Item
532 1086 792 1148 permultis
832 1085 968 1146 locis,
1002 1085 1059 1133 de
1093 1086 1272 1147 quibus
1307 1085 1512 1134 Carolus
1543 1086 1731 1134 Rother
1771 1086 1946 1134 disser-

254 1160 445 1208 tatione
484 1175 636 1222 supra
667 1177 713 1222 p.
743 1161 846 1207 395
880 1162 982 1207 not.
1009 1162 1039 1207 2
1073 1160 1279 1207 laudata
1308 1160 1550 1221 copiosius
1584 1160 1803 1222 disseret,
1835 1176 1946 1208 cum

257 1233 367 1281 aliis
390 1236 498 1280 tum
522 1251 567 1295 p.
587 1235 710 1294 440,
730 1236 759 1281 2
789 1229 955 1299 (Chor.
981 1251 1027 1296 p.
1049 1235 1132 1294 51,
1154 1235 1232 1300 2),
1267 1236 1388 1296 449,
1411 1236 1438 1281 7
1468 1227 1630 1300 (Chor.
1658 1252 1706 1296 p.
1726 1236 1810 1294 51,
1831 1227 1946 1300 14);

257 1310 380 1367 454,
399 1309 429 1355 8
467 1300 631 1374 (Chor.
657 1324 702 1369 p.
732 1309 815 1369 51,
836 1304 929 1373 20)
964 1310 1191 1370 apertum
1221 1308 1279 1355 fit
1310 1310 1559 1356 auctorem
1594 1309 1744 1356 etiam
1777 1307 1946 1356 Chori-

258 1384 452 1430 cianam
490 1382 833 1444 tyrannicidae
865 1382 1274 1430 declamationem
1308 1383 1589 1444 respexisse.

368 1455 413 1502 A
447 1452 687 1518 ‘corpore'
721 1457 934 1503 alienam
963 1458 1116 1504 fuisse
1147 1456 1558 1504 declamationem
1599 1456 1714 1504 inde
1753 1456 1947 1504 conclu-

258 1529 371 1577 dere
401 1530 520 1577 licet
551 1529 683 1592 quod
714 1532 767 1577 in
798 1531 937 1577 nullo
970 1530 1192 1578 codicum
1225 1526 1593 1592 ‘corporalium'
1628 1533 1801 1578 exstat.
1857 1530 1945 1578 At-

261 1621 355 1666 que
388 1605 536 1651 etiam
570 1604 622 1650 in
655 1605 851 1667 eclogas
884 1621 991 1652 eam
1023 1620 1130 1652 sero
1163 1607 1414 1666 receptam
1448 1619 1550 1652 esse
1589 1605 1702 1651 inde
1736 1603 1948 1653 conicias

261 1678 392 1740 quod
422 1680 620 1726 tantum
649 1678 1003 1726 recentioribus
1027 1705 1101 1711 ——
1124 1694 1239 1726 nam
1263 1679 1429 1726 nullus
1453 1679 1703 1726 saeculum
1728 1678 1846 1725 XIV
1871 1694 1947 1725 ex-

260 1752 405 1812 cedit,
438 1753 578 1799 cuius
610 1753 761 1800 etiam
793 1754 995 1800 unicum
1029 1753 1159 1814 quod
1200 1755 1361 1802 exstat
1398 1753 1738 1800 testimonium
1769 1755 1845 1800 est
1875 1778 1949 1785 —

258 1828 418 1888 iisque
442 1826 612 1888 paucis
639 1827 887 1874 codicibus
913 1826 975 1873 ad
997 1827 1124 1874 hanc
1150 1829 1365 1874 aetatem
1389 1828 1628 1888 pervenit.
1669 1826 1795 1874 Sunt
1818 1827 1949 1874 enim

258 1900 313 1947 hi
342 1915 541 1948 novem:

375 1979 420 2021 1.
452 1974 833 2021 Matritensis
871 1975 1038 2035 4679,
1077 1974 1194 2022 olim
1225 1975 1379 2023 N-49
1417 1971 1511 2039 (=
1536 1968 1643 2038 Ma)
1676 1989 1797 2022 saec.
1830 1973 1950 2021 XIV

260 2047 344 2095 fol.
373 2049 455 2095 27.
514 2047 771 2095 Correctus
812 2050 887 2095 est
924 2064 1075 2096 manu
1114 2048 1340 2096 secunda.
1399 2048 1521 2094 Vide
1553 2052 1589 2095 t.
1613 2048 1639 2094 I
1677 2064 1724 2109 p.
1753 2049 1856 2095 362
1877 2062 1948 2108 sq.

263 2124 311 2168 et
342 2123 376 2168 t.
401 2121 473 2168 IV
504 2138 552 2183 p.
578 2124 699 2169 417.
756 2120 971 2169 Contuli.

375 2197 421 2242 2.
453 2195 868 2243 Berolinensis
887 2197 1075 2258 gr.195
1096 2196 1215 2244 olim
1235 2195 1730 2243 Claromontanus
1751 2189 1844 2260 (=
1869 2190 1949 2260 Cl)
1989 2223 1991 2226 ⁴

263 2284 386 2316 saec.
411 2268 529 2316 XIV
562 2269 644 2317 fol.
674 2272 699 2316 1
729 2262 902 2335 (210).
956 2269 1084 2316 Vide
1115 2273 1150 2317 t.
1175 2269 1247 2316 IV
1277 2286 1323 2331 p.
1352 2271 1458 2316 410
1476 2285 1547 2330 sq.
1604 2268 1817 2316 Contuli.

378 2344 421 2390 3.
454 2342 783 2390 Vaticanus
808 2360 879 2406 gr.
908 2344 1011 2391 108
1040 2338 1133 2408 (=
1159 2337 1284 2408 Vat)
1309 2358 1431 2392 saec.
1457 2338 1689 2406 XIVJXV
1715 2343 1801 2390 fol.
1832 2343 1949 2391 160.

263 2416 389 2463 Vide
419 2419 456 2463 t.
481 2416 552 2462 VI
583 2433 629 2478 p.
658 2417 762 2464 568
781 2432 850 2478 sq.
911 2416 1123 2465 Contuli.

378 2492 424 2538 4.
457 2489 886 2538 Ambrosianus
931 2490 970 2538 L
998 2492 1066 2538 64
1107 2485 1237 2557 (485
1278 2491 1331 2537 in
1370 2490 1597 2553 catalogo
1636 2490 1863 2537 Martinii
1902 2490 1952 2536 et

265 2557 453 2630 Bassii)
493 2579 616 2612 saec.
648 2563 765 2610 XIV
809 2565 894 2611 fol.
925 2566 1045 2612 254.
1109 2564 1234 2612 Vide
1273 2567 1309 2611 t.
1333 2564 1357 2611 I
1395 2581 1441 2625 p.
1469 2565 1574 2611 426
1595 2579 1664 2625 sq.
1727 2563 1769 2610 Ε
1809 2566 1951 2624 parte

267 2638 466 2686 contuli.
529 2637 762 2685 Eiusdem
794 2640 867 2686 est
909 2638 1129 2685 familiae
1162 2641 1309 2699 atque
1340 2637 1601 2685 MaClVat
1631 2637 1715 2684 sed
1745 2637 1951 2684 minoris
2013 2641 2014 2646 ’

266 2711 427 2773 pretii.

381 2788 426 2832 5.
458 2785 830 2832 Monacensis
879 2802 947 2847 gr.
986 2786 1088 2832 113
1124 2778 1217 2850 (=
1242 2778 1348 2850 Μο)
1393 2799 1514 2832 saec.
1548 2783 1665 2830 XVI
1710 2785 1794 2831 fol.
1831 2784 1950 2831 152.

267 2857 394 2905 Vide
425 2860 459 2906 t.
492 2858 518 2905 I
551 2875 598 2919 p.
625 2859 730 2905 413
750 2873 819 2919 sq.
860 2863 910 2905 et
957 2873 1106 2919 supra
1150 2875 1197 2920 p.
1225 2859 1345 2906 292.
1407 2858 1538 2906 Raro
1586 2858 1832 2905 correctus
1879 2858 1953 2904 est

267 2947 418 2978 manu
458 2931 670 2979 secunda
711 2934 760 2979 et
789 2931 1128 2979 recentissima
1160 2947 1288 2993 quae
1326 2934 1452 2979 teste
1484 2930 1707 2979 Iacobsio
1738 2930 1950 2993 Allgem.
