2020 3146
395 98 587 144 AVARI
617 98 899 144 SGORTUM
931 98 1203 142 AMANTIS
1235 98 1518 152 QUERELA
1728 100 1797 153 51

107 236 261 298 λάκις
307 236 554 289 δικάσειν
605 237 881 304 οἰόμενος,
930 234 991 288 ἐν
1038 231 1099 287 δὲ
1138 241 1212 307 τῷ
1257 235 1522 298 πολλάκις
1562 237 1800 302 δικάζειν

106 324 369 387 πολλάκις
406 323 477 377 ἂν
517 326 708 392 λαβεῖν
745 323 998 392 ὀβολούς,
1037 326 1167 386 τοὺς
1206 322 1254 376 δ’
1295 323 1531 392 ὀβολοὺς
1569 326 1801 388 τούτους

106 422 349 483 συνεχῶς
388 412 717 483 διδομένους
757 416 1050 481 γίγνεσθαι
1091 413 1334 482 δραχμὰς
1370 411 1462 465 καὶ
1501 414 1596 476 τὰς
1636 414 1799 482 δραχ-

104 503 210 569 μὰς
263 500 679 571 φυλαττομένας
731 504 1027 570 γίγνεσθαι
1081 509 1243 570 μνᾶς,
1306 500 1448 554 ὥσθ’
1508 501 1537 554 ὃ
1599 503 1800 571 μικρὸν

103 590 261 659 ὑμεῖς
299 588 429 644 καθ’
476 590 709 645 ἕκαστον
747 596 961 658 οἴεσθε,
1006 588 1156 643 τοῦτ’
1202 588 1322 657 ἐμοὶ
1362 592 1798 660 συγκεφαλαιού-
1846 615 1867 648 5

104 698 274 748 μενον
312 683 560 749 γίγνεται
598 679 735 749 μέγα
772 680 863 732 καὶ
903 675 970 733 οὗ
1008 687 1125 742 τοῖς
1163 681 1351 742 ἄλλοις
1391 678 1727 747 ἀναίσθητος
1766 678 1799 747 ἡ

105 768 368 838 ὠφέλεια,
421 770 623 822 τούτου
679 789 771 838 μοι
827 768 978 837 γέμει
1031 769 1344 836 βαλάντιον.
1413 768 1495 821 18.
1535 768 1686 838 γέμει
1739 769 1802 822 δὲ

104 858 333 911 πλείονα
378 857 480 910 κάκ
526 866 620 926 τῆς
667 857 951 927 ἐκκλησίας
1003 861 1192 927 τρίτον
1247 858 1512 925 διδούσης
1568 856 1799 910 ἑκάστου

104 948 291 1015 μηνός,
330 947 421 999 ἵνα
460 947 555 1009 τὰς
602 948 945 1015 συγκλήτους
983 946 1123 1015 ἀφῶ.
1180 945 1240 999 ἐν
1279 944 1341 999 δὲ
1387 955 1503 1009 τοῖς
1542 946 1801 1015 μεγάλοις

103 1033 193 1088 καὶ
245 1036 628 1103 κατεπείγουσι
674 1036 1010 1104 πράγμασιν,
1064 1035 1154 1088 ὅτε
1208 1036 1276 1104 δὴ
1331 1036 1422 1088 καὶ
1476 1034 1647 1088 πλέον
1700 1043 1798 1089 τοῦ
1824 1060 1868 1093 10

104 1126 390 1193 συνήθους
437 1124 818 1193 λαμβάνουσιν
864 1126 916 1177 οἱ
963 1134 1172 1193 πρῶτοι
1219 1126 1681 1194 παραγενόμενοι,
1732 1124 1798 1177 οὐ

102 1213 369 1283 πρύτανις
409 1215 683 1282 ἔφθασεν,
723 1210 764 1266 ὦ
804 1215 1006 1281 βουλή,
1046 1212 1113 1264 οὐ
1152 1213 1448 1282 πρόεδρος,
1496 1213 1597 1282 οὐχ
1637 1212 1666 1266 ὁ
1705 1214 1800 1276 τὰς

102 1305 250 1364 κλεῖς
288 1299 430 1370 ἔχων
475 1309 571 1371 τῆς
616 1303 827 1364 πνυκὸς
874 1301 1177 1371 ἐπιστάτης.
1233 1298 1359 1354 οἶδα
1398 1302 1683 1370 πολλάκις,
1729 1302 1798 1370 νὴ

102 1393 232 1453 τοὺς
263 1392 449 1458 θεούς,
487 1390 579 1444 καὶ
618 1393 726 1459 πρὸ
767 1400 878 1443 τῶν
917 1389 1155 1454 τοξοτῶν
1195 1389 1546 1459 ἀφικόμενος,
1584 1391 1673 1444 καὶ
1706 1395 1799 1443 λα-

102 1479 221 1546 βὼν
258 1478 328 1532 ἂν
366 1480 465 1532 τὸν
503 1487 604 1533 τοῦ
644 1481 846 1548 τάχους
884 1481 1095 1549 μισθὸν
1131 1479 1591 1549 προσελάμβανον
1630 1476 1799 1542 αὖθις
1823 1507 1866 1539 15

102 1569 200 1621 τὸν
231 1576 326 1638 τῆς
356 1567 643 1638 ἐκκλησίας
672 1567 761 1622 καὶ
789 1568 965 1630 οὕτως
997 1567 1301 1638 ἐπληροῦτο
1333 1569 1395 1622 τὸ
1420 1576 1520 1621 τοῦ
1545 1565 1713 1631 ἔπους
1735 1569 1797 1621 τὸ

101 1654 266 1710 ἔνθα
303 1654 352 1710 κ’
400 1659 649 1721 ἄυπνος
697 1658 858 1726 ἀνὴρ
907 1659 1136 1720 δοιοὺς
1184 1656 1454 1726 ἐξήρατο
1494 1658 1797 1726 μισθούς.

222 1822 248 1861 5
292 1817 427 1863 Diod.
461 1818 483 1861 Ι
513 1822 569 1861 49
726 1823 752 1862 8
797 1818 940 1862 schol.
981 1818 1043 1862 ad
1081 1818 1223 1862 Arist.
1266 1817 1378 1862 Ach.
1414 1823 1482 1861 19.
1533 1817 1664 1861 Dem.
1705 1832 1796 1862 cor.

101 1891 146 1933 p.
173 1881 273 1932 249,
292 1882 348 1921 14
373 1891 410 1922 c.
437 1877 603 1931 schol.;
637 1877 833 1922 Timocr.
860 1883 885 1932 ξ
912 1883 967 1921 21
992 1893 1037 1934 p.
1059 1881 1224 1931 ‘106‚19
1347 1882 1372 1920 9
1399 1877 1543 1920 schol.
1570 1877 1630 1920 ad
1654 1877 1796 1920 Arist.

101 1936 132 1979 1.
157 1935 187 1979 1.
222 1937 437 1982 Aeschin.
470 1937 575 1981 fals.
608 1936 698 1994 leg.
725 1942 749 1991 ξ
777 1942 831 1980 72
862 1952 907 1994 p.
935 1942 1006 1992 37,
1025 1942 1095 1981 27.
1127 1936 1257 1981 Dem.
1288 1950 1377 1981 cor.
1412 1940 1437 1990 ἓ
1464 1940 1518 1980 73
1550 1951 1595 1992 p.
1622 1941 1722 1991 249,
1743 1942 1799 1980 14

102 2009 207 2039 cum
241 1995 381 2040 schol.
506 2001 559 2039 17
594 1995 679 2040 Od.
708 2013 736 2040 κ
760 2000 817 2040 84

222 2149 247 2187 2
281 2141 342 2189 ἂν
373 2158 448 2188 om
479 2144 549 2188 Va
577 2146 583 2200 Ι
612 2143 863 2202 ἀναλαβεῖν
897 2145 1014 2189 VaB
1137 2149 1163 2188 3
1195 2144 1414 2201 γίνεσθαι
1446 2144 1564 2188 VaB
1587 2144 1655 2188 Re
1684 2145 1690 2201 Ι
1717 2145 1799 2189 καὶ

101 2201 186 2255 τὰς
216 2203 425 2260 δραχμὰς
453 2203 630 2247 inserui
662 2218 686 2247 ο
716 2202 850 2246 libris
908 2202 1123 2262 ’δραχμὰς
1151 2203 1315 2247 Iacobs
1347 2203 1449 2247 Ach
1473 2203 1510 2246 T
1536 2208 1622 2247 863
1655 2203 1797 2247 Schul

162 2276 237 2306 om
268 2261 337 2307 Re
479 2267 506 2306 4
546 2260 764 2319 γίνεσθαι
790 2262 971 2308 ClVaB
1127 2267 1153 2306 5
1193 2260 1310 2307 καθ’
1347 2261 1541 2307 ἕκαστον
1573 2262 1739 2319 scripsi
1772 2276 1798 2307 e

103 2321 239 2365 MaB
273 2321 354 2365 sed
385 2321 435 2365 in
466 2322 554 2366 hoc
585 2339 644 2378 ην
678 2334 819 2378 supra
858 2338 912 2366 ον
943 2321 1014 2365 m²
1088 2319 1206 2366 καθ’
1244 2321 1442 2378 ἑκάστην
1466 2321 1575 2366 HGl
1649 2326 1796 2366 καθε-

102 2379 276 2436 κάστην
308 2381 426 2425 VVa
456 2381 525 2425 Re
670 2386 694 2424 6
739 2378 916 2437 γίνεται
948 2382 1018 2426 Va
1067 2384 1073 2438 Ι
1124 2382 1178 2426 οὐ
1213 2382 1281 2426 Va
1314 2381 1395 2425 sed
1427 2381 1476 2424 in
1509 2377 1563 2426 οὗ
1597 2395 1698 2425 corr
1727 2381 1799 2424 m'

223 2444 246 2481 7
281 2439 381 2496 ἐμοὶ
414 2441 484 2484 Va
629 2444 654 2483 9
695 2438 774 2484 ’ἵνα
811 2438 896 2492 τὰς
935 2439 1213 2498 συγκλήτους
1252 2441 1358 2495 ἀφῶ
1392 2440 1557 2496 scripsi
1589 2453 1614 2484 e
1647 2441 1717 2485 Va
1749 2443 1799 2485 et

101 2515 158 2554 γρ
190 2498 238 2541 in
270 2513 404 2556 marg
428 2501 474 2543 B
536 2498 630 2544 ἀνὰ
660 2498 744 2550 τὰς
776 2498 1054 2556 συγκλήτους
1086 2497 1178 2544 ὰπέ
1208 2516 1242 2544 ω
1267 2501 1323 2544 H
1329 2500 1563 2545 VMaGlB
1595 2499 1662 2543 Re

103 2561 159 2602 10
182 2557 464 2615 πράγμασιν,
496 2558 569 2603 ὅτε
602 2558 662 2615 δὴ
686 2558 850 2614 scripsi
884 2555 956 2602 ὅτε
990 2558 1050 2615 δὴ
1081 2572 1172 2614 quo
1232 2561 1341 2602 ante
1365 2559 1421 2603 οὐ
1445 2559 1474 2602 l.
1495 2564 1547 2602 11
1575 2558 1800 2602 exhibent

101 2615 212 2659 libri
226 2616 297 2660 Re
320 2617 412 2661 huc
435 2620 743 2674 transponens
804 2616 1042 2674 πράγμασι
1064 2617 1176 2662 libri
1200 2617 1268 2661 Re
1329 2617 1595 2674 πράγμασιν
1629 2614 1700 2668 οἷς
1722 2617 1796 2661 vel

103 2673 177 2718 ὅτε
208 2675 370 2720 Iacobs
401 2676 515 2721 Lecta
547 2676 688 2720 Schul
811 2681 863 2720 11
897 2684 1071 2733 πρῶτοι
1102 2677 1268 2733 scripsi
1299 2690 1324 2721 ο
1358 2678 1428 2721 Va
1487 2684 1671 2731 πρῶτον
1696 2677 1803 2721 HV

105 2734 297 2779 MaOlB
320 2735 390 2780 Re
512 2741 565 2779 12
600 2735 811 2791 ἔφθανεν
838 2737 928 2780 Μα
1049 2739 1103 2779 13
1135 2736 1283 2787 πυκὸς
1306 2737 1363 2780 Η
1417 2736 1584 2787 νυκτὸς
1607 2735 1678 2780 Va

105 2796 160 2835 14
191 2794 271 2837 καὶ
281 2795 342 2850 (1)
364 2794 539 2838 inserui
563 2809 588 2839 e
610 2795 728 2840 VaB
789 2808 865 2838 om
881 2795 938 2839 H
942 2795 1128 2840 VMan
1151 2794 1219 2838 Re
1342 2799 1396 2838 15
1420 2793 1708 2852 προσέλαβον
1726 2795 1798 2839 Va

222 2856 276 2895 16
318 2853 571 2910 ἐπληροῦτο
604 2853 768 2910 scripsi
801 2867 857 2897 ex
882 2854 1207 2898 HMaOWaB
1283 2855 1564 2911 ἐπληροῦντο
1598 2855 1643 2898 V
1668 2853 1735 2897 Re

102 2909 330 2966 ἐπλήρουν
346 2911 508 2957 Iacobs
527 2912 667 2957 Schul
792 2916 844 2956 17
870 2909 916 2956 κ’
938 2911 1118 2963 ἄυπνος
1141 2912 1306 2969 scripsi
1368 2913 1579 2965 κᾶυπνος
1600 2911 1711 2956 libri
1726 2911 1797 2955 Re

1379 2987 1437 3029 48
