2020 3146
260 130 606 178 OLEAGINAE
640 131 924 177 CORONAE
955 131 1269 176 PETITORIS
1300 130 1626 176 ABDICATIO
1719 132 1790 186 95

100 269 471 339 ἀποφθάρηθι
509 270 656 338 παρὰ
694 271 831 331 τοὺς
863 270 928 321 τὰ
967 269 1195 322 τοιαῦτα
1234 283 1294 321 σε
1332 270 1667 331 πεπεικότας.
1709 270 1794 337 ζή-

99 377 179 410 τει
218 356 424 427 πατέρα
465 362 666 429 σαυτῷ,
705 359 804 410 τὸν
843 358 946 426 γὰρ
980 359 1114 411 ὄντα
1154 357 1516 420 ἀπολώλεκας.
1557 359 1793 426 ἔτρεφόν

100 461 160 499 σε
199 444 285 499 ἐπὶ
332 455 451 509 ταῖς
496 452 846 515 θαυμασταῖς
890 444 1124 509 ἐκείναις
1171 444 1400 499 ἐλπίσιν.
1464 446 1676 509 ἐψεύσω
1727 465 1793 514 με

98 544 210 589 τῶν
258 535 508 588 ἐλπίδων.
564 536 636 604 μὴ
685 534 894 604 ἐνόχλει
940 543 1056 597 τοῖς
1103 533 1265 602 ἐμοῖς.
1330 537 1554 605 ἰσχυρὸς
1604 531 1655 588 εἷ
1701 533 1792 588 καὶ

100 622 285 694 μέγας,
325 622 441 678 ἀλλ’
489 624 591 677 οὐκ
631 626 985 694 ἰσχυρότερος
1022 632 1123 677 τοῦ
1162 625 1336 691 νόμου
1378 624 1437 687 ὃς
1475 624 1644 678 πάλαι
1684 635 1792 678 κεῖ·
1840 647 1860 681 ε

98 733 187 767 ται
222 713 495 783 πατράσιν
534 711 923 781 ἀδικουμένοις
954 715 1194 781 βοηθῶν.
1240 708 1401 776 οὗτος
1439 712 1692 782 ἐκβάλλει
1733 727 1794 766 σε

99 810 195 870 τῆς
235 803 420 864 οἰκίας.

211 891 296 944 29.
350 888 499 944 Ἀλλ’
565 890 681 943 οὐκ
737 890 836 944 ἐπὶ
895 901 1031 954 τοῖς
1080 892 1503 960 ἠριστευκόσι
1558 900 1792 959 κεῖται,

100 983 298 1048 φησίν,
346 979 465 1048 ἐγὼ
515 977 581 1032 δὲ
637 979 957 1048 ἀριστεύς.
1020 978 1267 1033 ἐνταῦθα
1313 983 1522 1050 κομψὸς
1569 979 1660 1034 καὶ
1708 994 1793 1033 σο-

100 1070 314 1138 φιστής,
356 1065 423 1122 οὗ
457 1069 518 1122 δὲ
550 1069 635 1121 δεῖ
665 1075 945 1137 πλουτεῖν,
977 1069 1216 1137 ἠλίθιος,
1250 1069 1526 1139 ἀγροῖκος,
1565 1069 1797 1139 κορύζης
1820 1092 1864 1126 10

99 1156 190 1210 καὶ
230 1157 444 1228 λέμφου
484 1155 741 1224 ἔμπλεως.
798 1158 899 1211 οὐκ
943 1157 1097 1222 ἄξιον
1137 1158 1395 1228 ἀγχόνης,
1444 1155 1485 1211 ὦ
1526 1159 1794 1226 δικασταί,

100 1248 160 1301 τὸ
200 1254 446 1317 πρᾶγμα;
485 1240 520 1317 ᾗ
558 1244 660 1316 μὲν
698 1246 904 1318 πατέρα
935 1255 1311 1318 κακουργῆσαι
1345 1249 1445 1316 δεῖ,
1484 1249 1583 1301 τὸν
1622 1250 1797 1318 νόμον

102 1335 317 1404 ε’ζήτηκε
371 1334 462 1389 καὶ
517 1337 950 1406 περιείργασται,
1004 1338 1065 1390 τὸ
1120 1335 1169 1390 δ’
1217 1337 1433 1391 ἁπλοῦν
1486 1344 1650 1391 τοῦτο
1704 1335 1796 1390 καὶ

222 1518 243 1555 1
277 1512 418 1556 Arist.
453 1512 562 1555 nub.
591 1516 674 1556 789
800 1517 854 1556 10
887 1513 995 1556 Luc.
1028 1512 1137 1556 hist.
1172 1527 1346 1557 consor.
1373 1517 1397 1566 ξ
1424 1518 1478 1558 31

222 1681 244 1720 1
279 1676 385 1731 περὶ
411 1677 485 1720 La
497 1677 555 1720 Vi
614 1675 727 1732 μετὰ
755 1677 807 1721 Ol
840 1678 846 1731 Ι
881 1675 939 1719 τὰ
971 1690 1046 1719 om
1070 1677 1146 1720 La
1158 1676 1346 1721 ViCzVa
1387 1678 1392 1732 Ι
1420 1683 1613 1721 τοιαῦτα
1647 1676 1690 1719 V
1717 1676 1799 1720 sed

102 1742 161 1779 αῦ
193 1736 243 1778 in
274 1749 349 1779 ras
381 1734 452 1778 m²
511 1742 657 1779 ταῦτα
682 1736 756 1779 La
770 1736 827 1780 Vi
837 1737 904 1780 Va
954 1739 959 1792 Ι
1009 1733 1324 1792 πεποιηκότας
1347 1737 1405 1780 H
1410 1737 1489 1781 VC
1515 1735 1597 1780 sed
1628 1736 1678 1779 in
1709 1736 1799 1780 hoo

103 1811 177 1851 οιη
210 1795 260 1838 in
297 1809 336 1838 ει
373 1808 475 1839 con·
504 1794 588 1849 m2,
622 1795 692 1839 Va
724 1795 805 1838 sed
836 1812 864 1851 η
898 1808 1002 1839 eras
1124 1800 1149 1838 3
1185 1795 1386 1851 ἔψευσας
1417 1794 1564 1840 Cobet
1587 1794 1687 1840 Cou
1712 1799 1797 1838 297

103 1853 161 1898 cf.
194 1856 227 1898 t.
254 1854 317 1898 IV
343 1858 443 1908 609,
462 1853 547 1897 5R
574 1856 579 1910 Ι
615 1870 693 1910 μοι
717 1855 954 1900 HOLaVi
984 1854 1064 1898 sed
1098 1854 1147 1897 in
1177 1854 1266 1898 hoc
1297 1871 1351 1911 με
1384 1868 1600 1912 suprascr
1629 1853 1712 1910 m',
1747 1854 1801 1899 Ol

222 1918 249 1956 4
282 1913 467 1970 ἰσχυρὸς
492 1939 545 1946 -
574 1918 599 1956 6
633 1914 825 1972 βοηθῶν
860 1914 1065 1970 respexit
1095 1913 1386 1970 Nicephorus
1419 1913 1655 1958 Chumnus
1663 1915 1797 1988 βασ.

102 1975 240 2017 θεσπ.
268 1973 338 2017 ed.
365 1972 512 2016 Boiss.
538 1973 713 2017 Anecd.
738 1973 780 2016 II
806 1977 906 2027 100,
927 1977 981 2017 10
1007 1973 1082 2030 (cf.
1108 1989 1153 2030 p.
1179 1976 1284 2030 480)
1317 1971 1478 2018 σκόπει
1509 1973 1598 2031 γὰρ
1631 1971 1796 2023 ουτως·

105 2031 290 2090 ἰσχυρὸς
321 2028 366 2076 εἷ
394 2032 474 2074 καὶ
506 2030 659 2088 μέγας,
693 2028 795 2075 ἀλλ’
824 2033 880 2076 οὐ
912 2031 1066 2087 δήπου
1098 2033 1179 2076 καὶ
1201 2040 1420 2083 τοσοῦτος
1452 2030 1560 2077 ὅσον
1586 2059 1641 2065 —-
1667 2035 1798 2077 Παῦ-

103 2094 181 2142 λος
211 2089 331 2148 λέγει
381 2094 386 2147 Ι
438 2090 492 2134 σὺ
524 2092 633 2147 post
664 2087 708 2135 εἶ
736 2091 827 2134 edd
905 2091 1056 2136 delevi
1200 2096 1225 2135 5
1258 2099 1408 2136 κεῖται
1436 2091 1582 2136 πάλαι
1610 2093 1673 2137 Μ
1698 2091 1799 2135 Mor

225 2200 250 2238 6
284 2197 481 2252 βοηθεῖν
501 2195 560 2238 Vi
680 2198 706 2238 8
732 2195 817 2239 οὐκ
843 2198 951 2239 ante
976 2193 1265 2252 ἠριστευκόσι
1285 2197 1366 2250 Va,
1385 2196 1440 2240 οὐ
1464 2197 1572 2252 post
1595 2195 1800 2252 ἠριστευ-

104 2251 236 2299 κόσιν
262 2255 308 2298 Β
430 2260 454 2299 9
489 2251 534 2298 δ’
556 2255 632 2298 La
644 2254 701 2297 Vi
824 2258 877 2297 10
909 2255 989 2298 καὶ
1013 2255 1164 2312 μωρὸς
1185 2257 1294 2312 post
1316 2232 1511 2329 ἠλίθιος
1528 2255 1579 2300 Ol
1606 2257 1612 2311 Ι
1641 2255 1798 2312 ἀγροῖ-

105 2329 185 2364 κος
207 2340 265 2346 ——
293 2319 345 2358 11
382 2314 584 2371 ἔμπλεως
612 2312 883 2369 praemissis
913 2314 1066 2358 verbis
1098 2314 1318 2371 ἄγροικος
1342 2313 1365 2358 ὁ
1391 2311 1686 2365 ἀπαίδευτος.
1718 2319 1800 2358 Λι-

106 2372 271 2446 βάνιος
310 2374 425 2418 citat
455 2373 598 2417 Andr.
636 2371 812 2428 Lopad.
845 2372 933 2417 lex
966 2372 1166 2418 Vindob
1207 2389 1251 2431 p.
1280 2378 1357 2428 25,
1377 2378 1404 2416 4
1444 2373 1515 2417 ed.
1548 2372 1717 2417 Nauck

106 2430 324 2489 ἄγροικος
348 2434 406 2477 H
411 2434 550 2478 VOlB
583 2431 743 2487 Lopad
806 2433 886 2475 καὶ
918 2431 1136 2506 ἄγροικος
1169 2434 1238 2477 Va
1280 2435 1286 2489 Ι
1335 2432 1530 2488 κορύζης
1554 2458 1608 2465 -
1635 2437 1688 2476 11
1723 2432 1799 2488 ἔμ-

106 2493 253 2542 πλεως
282 2492 550 2548 praemissis
583 2490 735 2535 verbis
773 2489 947 2548 λέμφος
976 2491 1004 2548 ἡ
1037 2490 1209 2548 κόρυζα
1248 2492 1309 2542 ὡς
1346 2489 1398 2536 τὸ
1438 2491 1676 2548 κορύζης
1706 2493 1798 2535 κτλ.

106 2550 236 2606 παρὰ
279 2549 489 2611 Λιβανίῳ
533 2552 651 2595 citat
693 2548 854 2594 Thom.
887 2550 949 2594 M.
988 2565 1021 2595 s.
1047 2565 1087 2594 v.
1132 2551 1305 2607 λέμφος
1347 2566 1391 2627 p.
1419 2550 1660 2605 221,15R

110 2613 162 2652 11
196 2608 341 2660 πλέως
365 2611 441 2655 La
461 2597 554 2655 sed
581 2610 635 2666 ἔμ,
662 2610 856 2666 antepos
879 2623 915 2662 ε,
949 2611 1007 2655 Vi
1031 2611 1040 2668 Ι
1065 2610 1118 2655 τὸ
1142 2617 1332 2667 πρᾶγμα
1356 2606 1391 2654 ὦ
1416 2609 1585 2665 ἄνδρες
1610 2611 1673 2654 Μ
1699 2610 1801 2653 Mor

113 2668 116 2726 Ι
153 2668 367 2712 δικασταί
400 2669 564 2726 scripsi
589 2684 645 2713 ex
668 2668 998 2714 HVC'LaViB
1010 2670 1079 2714 Va
1140 2669 1309 2724 ἄνδρες
1334 2669 1448 2714 ΜΟΖ
1478 2669 1569 2712 edd
1692 2674 1745 2712 12
1771 2664 1800 2722 ἧ

110 2772 184 2815 La
215 2771 299 2815 sed
328 2772 378 2815 in
410 2773 451 2817 εἰ
475 2786 576 2816 corr
599 2773 628 2827 f
680 2790 709 2827 η
738 2772 799 2815 Μ
856 2770 900 2816 οἱ
917 2773 962 2816 Β
1025 2772 1066 2817 εἰ
1083 2773 1141 2817 Vi
1167 2775 1173 2829 Ι
1199 2773 1377 2827 πατέρα
1403 2772 1567 2829 scripsi
1620 2771 1708 2829 γὰρ
1726 2773 1802 2816 La

110 2830 192 2874 sed
223 2843 339 2885 eras,
372 2832 432 2876 Vi
491 2831 578 2888 γὰρ
603 2829 672 2876 ’ἂν
698 2833 743 2876 Β
805 2829 865 2874 ἂν
890 2831 993 2875 HV
1021 2832 1101 2875 sed
1133 2832 1184 2875 in
1215 2832 1303 2876 hoc
1334 2831 1383 2875 in
1415 2829 1501 2876 οὖν
1533 2845 1635 2875 corr
1657 2831 1739 2883 ω’,
1768 2832 1807 2875 0

113 2889 244 2934 GlVa
305 2887 390 2934 οὖν
416 2892 477 2935 Μ
505 2891 597 2936 edd
659 2890 735 2947 ἐμὲ
768 2890 874 2934 coni
903 2890 971 2934 Re
1022 2891 1028 2938 Ι
1078 2892 1154 2935 δεῖ
1182 2905 1257 2935 om
1281 2891 1505 2936 LaViVa
1573 2890 1666 2934 ἔδει
1697 2890 1798 2934 coni

110 2947 179 2992 Ro
301 2953 355 2992 13
388 2949 575 3004 ἐξήτακε
600 2950 646 2993 Β
670 2952 726 2993 ὀὺ
757 2949 862 2993 coni
893 2949 961 2993 Re
989 2952 995 3006 Ι
1024 2947 1074 2994 δὲ
1103 2950 1154 2995 Gz
1181 2953 1186 3006 Ι
1213 2957 1348 2994 τοῦτο
1379 2950 1430 2993 in
1459 2948 1706 3006 marg-Vi*
