2044 3168
207 115 314 166 266
598 113 825 158 LIBANII
855 112 1249 157 DECLAMATIO
1279 112 1514 157 XXXVIII

206 259 318 302 τῶν
357 260 564 319 μοιχῶν
603 248 945 318 τεθειμένον,
987 250 1088 302 οὐκ
1127 249 1196 301 ἂν
1237 257 1343 302 νῦν
1374 250 1507 318 ὑμῖν
1541 250 1900 318 ἠνωχλοῦμεν

207 341 546 408 γραφόμενοι
594 336 684 391 καὶ
724 346 1175 407 κατηγοροῦντες,
1228 336 1343 390 ἀλλ’
1390 337 1640 407 ὑπῆρχεν
1678 337 1748 390 ἂν
1787 348 1902 400 τοῖς

206 429 330 495 περὶ
370 429 464 490 τὰς
502 436 769 496 γυναῖκας
809 426 1195 495 ἀδικουμένοις
1243 427 1432 489 αὑτοῖς
1479 430 1735 496 βοηθεῖν·
1786 425 1901 480 ἐπεὶ

207 514 267 570 δὲ
307 516 335 569 ὃ
373 517 640 579 πλούσιος
680 515 857 569 ἐκεῖνο
897 516 1219 578 κεκωλυκὼς
1253 523 1417 568 τοῦτο
1452 515 1739 583 ἀναγκάζει
1780 532 1900 569 ποι-

161 628 179 659 5
207 615 307 674 εῖν,
328 605 520 674 δέομαι
543 606 768 658 πάντων
792 605 949 674 ὑμῶν
974 603 1399 672 ἐνθυμηθέντας
1423 605 1496 667 ὡς
1522 603 1629 658 εἰσὶ
1653 603 1744 657 καὶ
1768 604 1902 674 ὑμῖν

205 703 466 763 γυναῖκες
506 694 648 747 οὕτω
688 696 1030 763 ποιήσασθαι
1071 695 1172 762 τὴν
1213 693 1482 762 ἀκρόασιν
1530 693 1621 746 καὶ
1661 695 1733 762 μὴ
1773 691 1902 746 ταύ-

205 784 304 836 τὸν
349 788 557 836 παθεῖν
602 794 717 845 τοῖς
763 783 887 852 περὶ
934 791 1034 835 τοῦ
1081 784 1258 851 νόμον
1307 783 1600 835 ὃικάσασιν
1652 781 1901 849 ἐκείνοις,

206 871 266 924 έν
305 866 389 935 οἷς
442 870 547 940 ε’γὼ
595 870 686 925 καὶ
735 873 1052 924 δικαιότατα
1100 869 1187 923 καὶ
1236 871 1383 944 πάσῃ
1433 871 1788 942 συμφέροντα
1835 880 1900 942 τῇ

205 964 360 1015 πόλει
424 959 578 1024 λέξας
631 962 832 1014 τούτου
893 959 985 1013 καὶ
1040 969 1134 1029 τῆς
1188 961 1388 1013 τούτου
1446 961 1757 1030 δεινότητος
1810 959 1900 1013 καὶ

141 1072 181 1103 ιο
207 1057 553 1119 παρασκευῆς
593 1049 849 1118 ἀπῆλθον
898 1050 1170 1118 ἡττηθείς.
1228 1048 1280 1112 ἐξ
1330 1046 1409 1101 ὧν
1456 1048 1660 1118 συνέβη
1699 1057 1901 1102 τοῦτον

115 1144 235 1188 RIV
252 1148 337 1187 553
383 1138 485 1205 μὲν
524 1146 803 1209 φρονῆσαι
842 1137 996 1207 μέγα,
1033 1138 1038 1206 Ι
1073 1140 1203 1201 τοὺς
1251 1139 1311 1191 δὲ
1351 1138 1760 1207 ἐψηφισμένους
1799 1137 1901 1191 ὑπ’

117 1285 120 1288 ,
205 1227 370 1281 ἐνίων
409 1227 642 1280 ἀκοῦσαι
682 1238 875 1295 κακῶς,
917 1229 990 1290 ὡς
1030 1228 1135 1298 ἄρα
1174 1229 1275 1296 τὴν
1314 1229 1451 1297 πρὸς
1493 1228 1591 1280 τὸν
1630 1228 1900 1281 πλούσιον

205 1318 367 1388 χάριν
404 1317 528 1385 περὶ
566 1318 823 1378 πλείονος
862 1316 1047 1369 αὑτῶν
1085 1336 1143 1369 τε
1181 1315 1271 1369 καὶ
1314 1326 1596 1384 γυναικῶν
1646 1316 1735 1369 καὶ
1775 1319 1899 1393 παί-

205 1406 321 1458 δων
358 1407 696 1474 πεποίηνται.
760 1406 807 1457 2.
849 1407 990 1458 ἔοικε
1032 1402 1092 1458 δὲ
1133 1405 1198 1458 οὐ
1238 1406 1586 1459 παντάπασιν
1627 1407 1900 1474 ἄχρηστόν

140 1517 180 1550 15
205 1514 299 1564 μοι
340 1493 629 1563 γεγονέναι
668 1496 729 1547 τὸ
770 1493 892 1562 περὶ
935 1495 1033 1548 τὸν
1073 1498 1245 1563 νόμον
1293 1493 1520 1548 ἐκεῖνον.
1578 1497 1628 1547 εἰ
1664 1495 1767 1562 γὰρ
1807 1492 1897 1546 καὶ

326 1659 379 1698 10
420 1645 493 1713 β-ον
523 1653 772 1712 προοίμιον
799 1655 911 1700 Ma²
1035 1661 1087 1698 14
1122 1646 1194 1713 βὀν
1218 1653 1465 1712 προοίμιον
1485 1658 1631 1700 Mffl'ff

325 1809 346 1846 1
381 1803 654 1859 τεθειμένον
680 1806 755 1847 La
787 1804 867 1847 sed
902 1821 925 1847 ο
959 1819 1012 1847 ex
1047 1823 1080 1847 ω
1116 1818 1216 1847 corr
1246 1806 1275 1858 f
1296 1807 1301 1860 Ι
1330 1812 1416 1849 νῦν
1450 1819 1525 1847 om
1552 1806 1625 1847 La
1662 1806 1666 1859 Ι
1701 1803 1812 1860 ἡμῖν
1841 1805 1902 1847 M

204 1862 1171 1973 ὲθὲνφξζοῗῗίζὲῗαῗῗῗαεὲἷέχίὐίἳῑξᾶἓ
1185 1864 1269 1968 133²
1282 1867 1447 1979 120va
1481 1864 1641 1966 &35⁰³ss
1674 1863 1897 1967 ἒαέἭ

205 1981 211 2038 Ι
244 1980 374 2024 τοῦτ’
402 1982 475 2025 La
503 1983 509 2037 Ι
536 1981 787 2038 ἀναγκάζει
817 1981 1004 2038 reposui
1037 1996 1062 2026 c
1091 1982 1225 2026 libris
1258 1983 1339 2025 sed
1371 1982 1419 2026 in
1453 1982 1762 2039 ἀναγκάζεται
1794 1995 1895 2025 corr

206 2040 317 2085 Ma'
347 2053 631 2096 quamquam
661 2040 912 2098 ἀναγκάζει
938 2042 1089 2093 denuo
1116 2055 1332 2098 suprascr
1355 2041 1438 2094 m²³‚
1464 2041 1624 2096 Doxap
1686 2040 1893 2096 ἀναγκά-

203 2103 326 2151 ζεται
352 2099 443 2142 edd
565 2105 590 2144 5
617 2099 966 2156 ἐνθυμηθέντες
985 2100 1039 2144 Gl
1062 2101 1144 2144 sed
1162 2117 1209 2151 ες
1223 2101 1271 2144 in
1291 2118 1346 2151 ας
1364 2115 1464 2143 corr
1481 2099 1563 2154 m³‚
1580 2099 1744 2156 Doxap
1773 2103 1778 2155 Ι
1807 2099 1894 2143 εἰσὶ

203 2159 283 2203 καὶ
314 2159 478 2215 scripsi
504 2174 527 2202 c
552 2159 716 2215 Doxap
778 2159 896 2204 εἰσὶν
918 2159 1028 2202 libri
1053 2160 1144 2204 edd
1267 2165 1290 2202 6
1325 2160 1610 2213 ποιήσασθαι
1639 2160 1710 2202 La
1737 2159 1818 2203 scd
1844 2177 1894 2202 αι

202 2217 251 2260 in
275 2231 350 2261 ras
373 2232 396 2262 s
518 2223 540 2261 7
574 2220 689 2273 παρὶ
716 2220 784 2263 Va
815 2219 898 2262 sed
921 2219 967 2273 ρὶ
991 2219 1040 2262 in
1064 2233 1138 2263 ras
1170 2219 1239 2263 m‘·'
1362 2224 1387 2262 8
1421 2215 1695 2263 δικαιότατα
1728 2218 1891 2274 scripsi

204 2291 227 2319 e
260 2276 421 2333 Doxap
483 2275 750 2332 δικαιότερα
780 2277 891 2321 libri
924 2278 1013 2321 edd
1042 2281 1048 2333 Ι
1075 2278 1202 2323 πάνυ
1226 2278 1390 2334 Doxap
1512 2282 1537 2320 9
1570 2275 1699 2330 λέξας
1728 2277 1891 2333 scripsi

204 2349 228 2379 e
251 2335 413 2391 Doxap
475 2334 617 2392 λέγων
641 2336 751 2380 libri
784 2337 875 2380 edd
998 2343 1051 2381 11
1085 2337 1192 2388 ἴσως
1222 2339 1329 2394 post
1359 2337 1443 2393 μὲν
1463 2336 1655 2381 MaOlB
1668 2338 1735 2380 Va
1763 2339 1768 2393 Ι
1798 2353 1892 2392 φω-

202 2401 343 2450 νῆσαι
373 2395 483 2438 Ferr
514 2397 561 2438 ct
592 2413 645 2451 γρ
671 2395 719 2438 in
752 2410 885 2454 marg
916 2397 1017 2440 Mor
1059 2398 1065 2452 Ι
1105 2394 1152 2440 δ’
1182 2398 1256 2440 La
1288 2397 1368 2440 scd
1402 2411 1426 2439 c
1459 2397 1509 2439 δὲ
1543 2409 1644 2438 corr
1667 2410 1703 2451 p
1731 2397 1737 2450 Ι
1777 2396 1891 2451 ἐψη-

204 2452 455 2510 φισμένους
479 2456 553 2498 La
585 2454 666 2498 sed
698 2456 720 2498 ἐ
743 2454 866 2498 inser
895 2471 927 2511 p
1051 2460 1103 2499 13
1136 2453 1456 2511 περιπλείονος
1482 2457 1555 2498 La
1591 2457 1597 2509 Ι
1637 2455 1790 2498 αὐτῶν
1817 2456 1890 2498 La

203 2513 294 2556 edd
327 2515 334 2570 Ι
368 2511 553 2557 παίδων
583 2514 663 2557 καὶ
723 2522 930 2558 υναικῶν
956 2516 1080 2560 BVa
1204 2520 1258 2558 14
1299 2514 1419 2559 ἔοικε
1446 2540 1498 2547 -—
1526 2518 1626 2566 267,
1647 2518 1699 2556 13
1732 2515 1890 2571 λαβεῖν

202 2572 467 2629 praemissis
499 2572 650 2616 verbis
709 2589 844 2628 μοιον
874 2574 1019 2633 τούτῳ
1051 2575 1131 2618 καὶ
1161 2573 1291 2628 παρὰ
1322 2577 1383 2631 τῷ
1414 2571 1623 2632 Λιβανίφ
1649 2572 1698 2616 έν
1721 2576 1783 2631 τῷ
1807 2580 1888 2617 τοῦ

202 2630 399 2688 πένητος
429 2630 648 2687 ζητήματι
670 2638 752 2676 τοῦ
777 2629 1019 2686 κρίνοντος
1041 2633 1123 2678 τὸν
1147 2634 1369 2677 πλούσιον
1395 2630 1613 2688 μοιχείας,
1645 2628 1713 2675 ὅτι
1736 2631 1890 2688 φήμης

204 2689 342 2746 οὔσης
373 2697 582 2734 συνεῖναι
612 2688 694 2735 τὸν
725 2691 948 2735 πλούσιον
979 2699 1034 2749 τῇ
1067 2693 1211 2737 αὐτοῦ
1243 2691 1430 2749 γυναικὶ
1457 2691 1535 2734 καὶ
1562 2690 1637 2735 ἐπὶ
1660 2691 1806 2750 τούτῳ
1833 2716 1886 2722 -

202 2745 333 2792 εἶλεν.
368 2749 417 2793 ἐν
447 2749 594 2808 τούτῳ
626 2749 714 2806 γὰρ
745 2750 826 2793 τὸν
866 2750 1127 2807 κατήγορον
1159 2750 1183 2795 ὁ
1217 2749 1436 2807 σοφιστὴς
1475 2751 1671 2805 μελετῶν
1704 2750 1887 2805 φαύλην

202 2805 436 2864 ὑπόληψιν
463 2807 810 2865 ἐμφαινομένην
840 2810 946 2863 περὶ
975 2810 1058 2854 τὸν
1084 2810 1319 2867 φεύγοντα
1347 2810 1397 2853 ἐν
1419 2806 1684 2863 προοιμίοις
1707 2809 1891 2866 βεβαιοῖ

201 2865 362 2922 λέγων·
398 2867 515 2910 citat
546 2867 796 2924 Doxapatr,
822 2868 850 2911 l.
878 2867 907 2911 l.
941 2868 1001 2911 ad
1033 2884 1076 2925 p.
1111 2873 1184 2922 71,
1205 2873 1347 2912 8—11
1383 2868 1488 2925 (cod
1524 2867 1624 2910 Vat.
1659 2872 1773 2911 2228
1807 2866 1886 2910 fol.

203 2929 308 2980 21ος
342 2926 530 2970 Barocc.
563 2926 643 2969 fol.
671 2928 742 2983 30)
771 2930 777 2982 Ι
806 2925 850 2969 δ’
883 2929 955 2970 La
1078 2933 1131 2971 15
1164 2928 1246 2971 καὶ
1276 2941 1350 2970 om
1378 2927 1491 2972 Mol
1551 2926 1675 2970 inser
1700 2926 1787 2969 Ma
