2020 3146
211 114 327 167 ,100
626 112 854 157 LIBANII
883 111 1274 158 DECLAMATIO
1307 113 1498 157 XXXIII

205 245 288 302 »ἀῦ
329 257 443 312 τοῖς
474 250 662 311 ἄλλοις
691 246 808 302 ἔστι
838 268 934 316 μοι
964 251 1164 316 γείτων
1195 251 1488 319 φθονερός.
1530 246 1709 318 οὗτος,
1749 250 1912 318 ἡνίκα

206 339 318 409 ,μὲν
355 334 427 406 ἦν
468 337 528 390 ἐν
567 337 783 390 ἐλπίσιν
815 336 848 405 ἡ
882 337 1109 406 αἴτησις,
1147 336 1322 391 ἔκειτο
1356 337 1443 390 ἐπὶ
1475 346 1575 391 τοῦ
1609 340 1911 405 σκίμποδος

209 433 593 496 λειποψυχῶν·
646 425 761 479 ἐπεὶ
801 424 863 479 δὲ
901 425 1109 497 ᾔσθετό
1147 447 1242 494 μοι
1289 426 1622 497 ὃιαρρυέντα
1661 428 1758 480 τὸν
1796 447 1914 481 και-

212 520 336 587 ρόν,
377 517 616 586 φαιδρὸς
655 514 992 584 ἐκπεπήδηκε
1023 514 1113 568 καὶ
1146 517 1381 569 σκώπτει
1412 517 1661 586 προσιὼν
1693 516 1912 584 ἐρωτῶν

169 626 193 660 ’5
216 607 316 659 τὸν
355 605 598 675 ἀριθμὸν
635 613 748 656 τῶν
778 605 1065 657 ταλάντων
1096 596 1179 667 οἷς
1211 603 1479 673 ἐπηύξηκέ
1505 625 1599 671 μοι
1629 606 1728 658 τὸν
1759 598 1914 658 οἷκον

218 694 247 747 ὁ
287 704 430 757 παῖς.
477 692 563 762 ἐφ’
611 686 694 755 οἷς
733 690 904 761 ἔγωγε
943 693 1341 762 ἀποπνίγομαι,
1389 693 1479 746 καὶ
1527 694 1629 747 οὐκ
1667 691 1783 746 ἔστι
1822 714 1917 762 μοι

218 781 534 853 παρεξιέναι
572 783 674 851 τὴν
714 784 897 835 οἰκίαν
944 783 1047 850 τὴν
1087 782 1301 835 ἐκείνου
1348 790 1530 853 γυμνῇ
1577 790 1642 852 τῇ
1689 787 1915 853 κεφαλῇ.

217 870 309 925 καὶ
341 873 445 940 γὰρ
478 867 548 924 αὖ
573 869 664 924 καὶ
689 872 751 923 αἱ
776 871 1114 941 θεράπαιναι
1145 878 1245 924 τοῦ
1277 876 1434 934 θεοῖς
1466 871 1674 941 ἐχθροῦ
1706 889 1915 941 παραν-

220 960 435 1025 οίξασαι
479 961 575 1022 τὰς
620 961 802 1026 θύρας
849 960 1120 1028 βάλλουσι
1159 962 1250 1012 καὶ
1289 958 1451 1012 αὐταὶ
1491 961 1792 1028 σκώμμασι.
1831 963 1915 1023 τίς

154 1072 197 1106 ιο
221 1047 500 1120 ἀνάσχοιτ’
547 1048 618 1101 ἂν
656 1050 758 1117 τὴν
795 1049 1114 1120 κωμῳδίαν;
1155 1050 1203 1102 εἰ
1241 1050 1314 1118 μὴ
1353 1048 1714 1117 τεθνήξομαι,
1754 1046 1795 1102 ὦ
1837 1050 1917 1102 δι-

218 1141 431 1206 κασταί,
471 1139 698 1207 φεύγων
737 1139 1041 1207 οἰχήσομαι.
1087 1138 1256 1209 μικρά
1294 1157 1356 1206 γε
1390 1137 1715 1206 ἠδικημένος
1746 1138 1912 1205 ἀγαν-

220 1236 387 1291 ακτῶ;
439 1227 624 1295 φύλλα
673 1234 770 1295 τῆς
817 1226 1000 1290 ἐλαίας
1047 1225 1170 1279 ἀντὶ
1218 1227 1510 1296 χρημάτων
1557 1226 1797 1295 ἐνεγκὼν
1843 1233 1918 1298 τῷ

219 1314 384 1385 πατρὶ
423 1316 751 1384 θαυμαστὸν
791 1317 838 1368 εἰ
876 1324 1136 1382 μισεῖται;

333 1405 418 1457 38.
452 1407 607 1472 Ναί,
641 1418 829 1473 φησιν.
870 1403 1023 1473 ἐξῆν
1060 1405 1180 1474 γὰρ
1213 1405 1425 1457 αἰτεῖν
1464 1423 1572 1471 μοι
1604 1405 1762 1457 κατὰ
1800 1405 1914 1457 τὸν

153 1515 197 1550 15
221 1495 437 1563 νόμον.
478 1493 686 1546 οὐκοῦν
724 1492 816 1546 καὶ
857 1493 975 1562 ἐμοὶ
1014 1494 1152 1546 κατὰ
1189 1494 1287 1546 τὸν
1326 1495 1500 1562 νόμον
1541 1492 1840 1560 ἐκβάλλειν.
1879 1492 1913 1561 ἢ

216 1582 311 1635 σοὶ
348 1579 451 1650 μὲν
491 1581 699 1644 ἐκεῖνος
739 1584 981 1651 ἰσχυρός,
1022 1582 1142 1651 ἐμοὶ
1182 1579 1243 1634 δὲ
1283 1578 1444 1644 οὗτος
1476 1581 1740 1649 ἀσθενής;
1782 1583 1914 1636 σύν-

215 1685 362 1739 ιστε,
415 1671 551 1740 πρὸς
598 1673 759 1739 Διός,
815 1671 887 1732 ὡς
933 1670 1121 1733 αὐτοῖς
1167 1662 1249 1733 οἷς
1303 1671 1621 1738 ἀγωνίζεται
1676 1671 1737 1723 τὸ
1794 1671 1914 1723 δεῖν

214 1747 702 1827 ἀποκηρύττεσθαι
754 1762 993 1828 βεβαιοῐ;
1056 1759 1085 1812 ὁ
1136 1761 1240 1828 γὰρ
1294 1761 1500 1829 πατρὸς
1554 1759 1916 1828 ἐφεστηκότος

214 1846 475 1912 ἐξουσίας
513 1848 854 1918 μεμνημένος
901 1851 1067 1917 ἄλλης
1113 1850 1289 1911 οἰκίας
1335 1849 1523 1901 δεῖται.
1579 1849 1760 1918 ὥσπερ
1808 1850 1914 1919 γὰρ

343 2013 366 2050 ’1
394 2008 451 2052 cf.
477 2010 511 2053 t.
535 2008 579 2052 Π
603 2013 704 2064 273,
723 2014 775 2052 11
805 2009 812 2068 Ι
841 2010 899 2053 cf.
929 2010 990 2053 ad
1013 2012 1046 2054 t.
1072 2009 1136 2052 ΠΙ
1159 2014 1262 2064 457,
1279 2014 1333 2052 21
1458 2013 1484 2052 8
1510 2008 1638 2052 Dem.
1666 2009 1869 2067 Aristog.
1893 2008 1915 2052 I

221 2081 267 2123 p.
296 2071 394 2122 778,
415 2072 492 2122 123
523 2067 632 2111 Luc.
665 2068 739 2112 bis
772 2082 867 2113 acc.
894 2074 971 2125 313
1004 2068 1213 2125 Alciphr.
1248 2082 1320 2124 ep.
1345 2068 1409 2112 III
1435 2072 1490 2111 30

344 2219 367 2258 1
401 2216 481 2259 καὶ
505 2218 615 2259 ante
637 2213 801 2272 γείτων
820 2217 925 2261 ΜΒ
950 2217 1041 2260 edd
1102 2215 1253 2260 delevi
1375 2220 1399 2259 3
1432 2219 1727 2272 λειποψνχῶν
1755 2218 1817 2260 Μ
1835 2216 1916 2259 sed

220 2290 265 2319 ει
295 2288 351 2317 ex
381 2292 410 2318 v
443 2289 545 2319 corr
574 2290 605 2334 y
654 2277 660 2331 Ι
711 2274 872 2332 ἐπειδὴ
905 2276 1009 2320 VM
1035 2275 1105 2320 Re
1153 2278 1159 2333 Ι
1210 2274 1461 2330 διαρυέντα
1491 2291 1569 2331 μοι
1593 2275 1647 2320 01
1778 2280 1804 2317 4
1835 2276 1916 2319 καὶ

219 2334 422 2377 σκώπτει
454 2335 511 2378 Vi
549 2334 630 2378 sed
672 2331 854 2379 ἐσκόπει
895 2335 946 2378 in
983 2348 1119 2391 marg
1148 2334 1218 2377 m²
1360 2339 1385 2377 6
1427 2331 1581 2378 οὐκέτι
1620 2334 1677 2378 Vi
1716 2334 1799 2377 sed
1829 2335 1915 2379 οὐκ

225 2392 319 2437 ἔστι
342 2392 392 2435 in
414 2406 547 2449 marg
569 2391 641 2436 m‘
689 2394 695 2448 Ι
746 2393 872 2438 ἔσται
895 2395 950 2438 H
957 2394 1036 2439 VO
1081 2394 1088 2452 Ι
1138 2410 1216 2449 μοι
1240 2407 1317 2437 om
1335 2393 1388 2437 ΟΖ
1522 2397 1546 2435 7
1578 2391 1799 2447 παριέναι
1824 2395 1869 2438 Β
1905 2394 1910 2451 1

222 2451 380 2508 τὴν(2)
421 2466 495 2496 om
528 2453 586 2496 H
591 2452 794 2496 VOBVa
936 2456 963 2496 8
1006 2453 1159 2509 καὶ(2)
1200 2452 1376 2496 inserui
1415 2466 1472 2496 ex
1502 2453 1560 2496 H
1565 2451 1716 2496 VGLa
1729 2452 1839 2497 Viol
1850 2454 1918 2497 Va

284 2524 361 2554 om
394 2512 498 2555 ΜΒ
542 2510 634 2554 edd
682 2513 688 2566 Ι
738 2519 821 2555 τοῦ
865 2525 940 2555 om
981 2513 1040 2556 Vi
1087 2515 1092 2566 Ι
1141 2518 1238 2563 τοῖς
1281 2513 1389 2556 ante
1431 2515 1565 2561 θεοῖς
1605 2512 1709 2555 Vz'B
1753 2512 1843 2555 edd

226 2569 378 2614 delevi
427 2571 434 2625 Ι
485 2567 796 2626 στυγουμένου
839 2571 908 2614 Va
956 2573 962 2626 Ι
1011 2568 1295 2626 παροίξασαι
1326 2572 1471 2616 LaVi
1510 2570 1591 2613 sed
1634 2570 1683 2612 in
1725 2570 1813 2615 hoc
1857 2588 1917 2615 αν

224 2628 350 2672 inser
379 2628 462 2682 ω’,
497 2627 628 2673 C'lVa
749 2634 774 2672 9
805 2627 1010 2683 θυρίδας
1042 2628 1186 2673 Cobet
1218 2629 1319 2674 Coll
1350 2634 1434 2674 298
1468 2631 1518 2672 at
1554 2629 1610 2672 cf.
1644 2629 1752 2673 Luc.
1786 2629 1815 2674 1.
1842 2630 1870 2674 1.
1908 2631 1912 2686 Ι

225 2683 364 2731 αὗται
393 2688 497 2731 ΜΒ
530 2689 577 2730 ot
607 2704 661 2743 γρ
702 2687 751 2730 in
789 2702 923 2746 marg
953 2688 1055 2732 Mor
1199 2693 1253 2733 10
1293 2690 1513 2733 δικασταί
1547 2688 1710 2744 scripsi
1742 2702 1766 2732 e
1790 2689 1915 2734 BVa

286 2746 455 2801 ἄνδρες
486 2746 700 2789 δικασταὶ
725 2748 783 2790 H
788 2747 865 2790 VC
922 2746 1090 2802 ἄνδρες
1115 2748 1375 2793 MLaViOl
1404 2747 1496 2790 edd
1641 2751 1696 2791 14
1731 2765 1810 2805 μοι
1841 2761 1916 2791 om

228 2805 319 2850 HC
343 2807 350 2862 Ι
377 2822 432 2863 γρ
463 2804 578 2860 ὑπὲρ
612 2805 661 2847 in
693 2819 826 2862 marg
849 2805 950 2850 Mor
976 2809 982 2863 Ι
1009 2804 1091 2851 τὸν
1123 2820 1198 2850 om
1221 2807 1277 2850 Vi
1398 2811 1451 2850 15
1485 2805 1722 2864 ἐκβάλλειν
1754 2806 1917 2863 scripsi

227 2878 252 2907 e
279 2865 339 2908 M
367 2866 415 2908 et
445 2881 500 2920 γρ
532 2863 581 2906 in
604 2877 737 2921 marg
760 2864 861 2908 Mor
922 2865 1133 2923 ἐκβαλεῖν
1163 2865 1334 2921 reliqui
1358 2865 1468 2909 libri
1492 2865 1583 2909 edd
1706 2871 1760 2910 16
1793 2865 1916 2923 ἰσχν-

229 2921 309 2978 ρός
339 2923 463 2966 inser
496 2924 587 2967 Va²
708 2928 762 2966 17
796 2924 955 2981 αὐτοῖς
986 2924 1044 2967 Vi
1075 2924 1157 2967 sed
1189 2924 1330 2974 αὐτὸς
1359 2924 1409 2967 in
1439 2939 1572 2981 marg
1602 2924 1672 2967 m²
