2014 3158
223 111 330 165 396
660 110 887 155 LIBANII
916 109 1307 155 DECLAMATIO
1338 110 1461 154 XLlI

337 254 381 300 2.
421 252 1015 313 Hierosolymitanus
1071 251 1402 300 bibliothecae
1455 250 1803 314 patriarchalis
1858 251 1905 301 S.

223 326 499 389 Sepulcri
520 328 621 375 107
643 319 738 392 (=
757 319 829 393 H)
847 341 972 375 saec.
991 325 1108 373 XIV
1123 326 1207 374 fol.
1229 327 1347 374 105.
1380 325 1507 374 Vide
1530 328 1566 374 t.
1583 325 1629 371 V
1651 343 1698 388 p.
1719 326 1904 388 150sq.

222 400 435 449 Contuli.

333 476 379 523 3.
411 475 741 523 Vaticanus
782 491 852 538 gr.
888 475 994 522 940
1027 467 1122 540 (=
1148 468 1218 542 V)
1258 490 1382 524 saec.
1407 468 1671 540 XIIIJXIV
1709 474 1793 523 fol.
1821 476 1904 523 91.

221 548 478 598 Correctus
510 552 584 598 est
614 564 764 596 manu
796 548 1022 598 secunda.
1076 548 1204 597 Vide
1234 551 1269 598 t.
1295 549 1342 595 V
1371 566 1418 611 p.
1447 550 1550 597 152
1570 564 1641 610 sq.
1690 547 1904 597 Contuli.

331 625 377 673 4.
414 623 732 672 Chisianus
764 624 808 670 R
840 623 911 671 VI
944 624 1011 671 43
1047 616 1141 690 (=
1172 616 1231 689 G)
1263 639 1387 672 saec.
1413 618 1678 688 XIIIsXIV
1709 623 1793 672 fol.
1821 625 1905 671 22.

221 696 478 746 Correctus
519 699 595 746 est
639 713 790 745 manu
835 699 1106 745 recentiore
1151 713 1297 759 quam
1345 697 1515 745 littera
1553 711 1577 744 s
1616 696 1903 760 significavi.

219 771 346 820 Vide
378 774 413 820 t.
436 772 463 820 Ι
492 789 540 834 p.
570 774 637 820 10
655 787 725 833 sq.
782 770 994 820 Contuli.

328 846 403 894 Ex
435 846 604 895 eodem
638 861 734 909 quo
768 844 1029 895 Chisianus
1061 846 1204 894 fiuxit
1234 846 1370 895 fonte

332 922 377 969 5.
410 919 848 969 Laurentianus
872 920 1012 968 LVII
1030 923 1098 969 27
1118 936 1246 969 anno
1269 922 1408 969 1392
1436 920 1668 968 exaratus
1691 919 1777 969 fol.
1796 921 1903 968 27'.

217 994 343 1043 Vide
374 998 408 1043 t.
434 995 459 1042 Ι
490 1012 536 1057 p.
564 997 630 1044 59
651 1011 721 1057 sq.

329 1069 403 1116 Ex
433 1070 526 1117 hoc
556 1085 672 1118 vero
705 1068 978 1131 descriptus
1013 1071 1087 1116 est

330 1145 375 1192 6.
407 1144 1003 1192 Wolfenbuttelanus
1030 1144 1131 1191 511
1162 1142 1469 1192 Gudianus
1493 1160 1564 1206 gr.
1587 1144 1652 1190 77
1672 1158 1794 1191 saec.
1812 1142 1903 1190 XV

216 1219 300 1265 fol.
328 1219 411 1266 32.
462 1217 585 1266 Vide
615 1221 651 1267 t.
675 1219 701 1267 I
724 1236 771 1281 p.
799 1220 866 1268 59
887 1233 956 1280 sq.
1007 1216 1230 1265 Contulit
1253 1217 1454 1266 Reiskia
1483 1218 1536 1264 in
1568 1233 1709 1264 usum
1733 1218 1904 1265 mariti

217 1293 304 1353 qui
335 1309 447 1339 eum
476 1292 647 1341 littera
687 1293 757 1342 W
780 1291 1053 1355 insignivit.

326 1367 401 1414 Ex
455 1366 670 1415 editione
716 1367 1021 1415 Ferraricnsi
1074 1382 1201 1428 quae
1246 1365 1761 1415 Wolfenbuttelanum
1812 1382 1902 1429 pro

215 1440 536 1490 fundamento
568 1440 746 1489 habuit
776 1440 1049 1503 descriptus
1081 1443 1155 1489 est

330 1517 375 1563 7.
407 1515 850 1564 Escurialensis
874 1511 1075 1564 T-II-9
1104 1507 1234 1582 (145
1267 1515 1319 1562 in
1345 1514 1573 1578 catalogo
1598 1507 1903 1582 Milleriano)

216 1604 339 1637 saec.
365 1588 495 1637 XVI.
543 1589 668 1637 Vide
699 1593 735 1638 t.
759 1589 787 1637 I
817 1606 863 1652 p.
892 1591 975 1638 67.

327 1664 374 1711 8.
421 1663 866 1713 Laurentianus
911 1663 1053 1711 LVII
1087 1665 1150 1711 21
1203 1678 1326 1712 saec.
1359 1656 1591 1727 XIVJXV
1637 1663 1722 1712 fol.
1758 1663 1901 1711 176'.

217 1737 343 1785 Vide
377 1740 411 1785 t.
436 1737 482 1783 V
512 1755 558 1800 p.
588 1739 691 1787 158
710 1755 780 1801 sq.

328 1813 374 1860 9.
405 1812 770 1860 Barberinus
794 1812 845 1860 ΙΙ
871 1813 937 1860 41
965 1827 1095 1860 nunc
1117 1811 1390 1860 Vaticanus
1415 1811 1562 1860 Barb.
1589 1812 1695 1859 220
1721 1804 1817 1878 (-·-=
1832 1804 1900 1876 B)

214 1901 338 1934 saec.
363 1886 455 1933 XV
497 1887 582 1934 fol.
608 1888 728 1935 402.
791 1886 917 1934 Vide
956 1888 992 1934 t.
1016 1885 1043 1934 I
1076 1903 1123 1948 p.
1152 1887 1220 1934 24
1239 1901 1308 1949 sq.
1373 1884 1597 1934 Contulit
1639 1902 1804 1933 meum
1849 1885 1902 1932 in

215 1975 362 2008 usum
393 1959 511 2008 Pius
544 1961 757 2009 Franchi
787 1960 846 2008 de
882 1959 1167 2009 Cavaleriis.

326 2034 543 2083 Transeo
577 2035 639 2082 ad
673 2030 998 2099 ‘eclogarios'.

327 2110 410 2156 10.
442 2107 886 2157 Laurentianus
917 2107 1058 2156 LVII
1091 2110 1159 2156 44
1194 2101 1288 2174 (=
1313 2101 1409 2174 La)
1443 2124 1567 2157 saec.
1598 2108 1642 2156 X
1673 2109 1757 2156 fol.
1790 2109 1900 2158 42'.

212 2181 408 2230 Folium
448 2184 517 2230 48
558 2198 657 2245 quo
697 2183 848 2231 verba
877 2178 1147 2248 ἐν]ταυθοῖ
1176 2200 1222 2245 p.
1256 2183 1378 2244 422,
1408 2184 1471 2230 17
1513 2197 1670 2244 usque
1710 2181 1771 2230 ad
1814 2188 1901 2246 τῆς

212 2255 494 2322 πολιορκίας
517 2273 564 2319 p.
583 2258 650 2304 42
660 2258 705 2318 6,
720 2251 840 2323 16¹)
859 2258 1172 2305 continentur
1194 2271 1346 2304 manu
1369 2256 1553 2305 saeculi
1578 2256 1694 2304 XVI
1718 2273 1776 2304 ex
1800 2257 1899 2304 alio

214 2329 379 2378 codice
411 2331 692 2393 suppletum
724 2333 811 2380 est.
861 2330 1117 2379 Correctus
1149 2332 1224 2379 est
1253 2330 1411 2378 tribus
1442 2331 1669 2378 manibus
1701 2324 1758 2397 (i,
1780 2345 1820 2385 s,
1841 2323 1898 2396 y)

213 2419 422 2466 quarum
461 2404 677 2453 secunda
719 2405 868 2453 etiam
910 2405 1096 2453 scholia
1126 2405 1372 2453 rhetorica
1405 2404 1609 2453 addidit.
1658 2404 1782 2452 Vide
1812 2407 1847 2452 t.
1873 2403 1899 2452 Ι
2002 2409 2009 2422 ’

213 2493 258 2539 p.
287 2479 392 2526 224
411 2493 480 2540 sq.
538 2477 753 2527 Contuli.

326 2552 400 2599 Ex
430 2553 522 2600 hoc
553 2551 826 2614 descriptus
859 2555 934 2601 est
946 2546 988 2619 ²)

328 2628 410 2674 11.
444 2626 928 2675 Vindobonensis
965 2627 1142 2689 philos.
1183 2629 1234 2675 et
1270 2626 1441 2689 philol.
1473 2626 1545 2674 IV
1578 2627 1646 2674 82
1687 2620 1780 2692 (=-=
1807 2619 1895 2693 Vi)

214 2714 335 2747 saec.
360 2699 478 2747 XIV
509 2700 593 2748 fol.
623 2701 742 2749 104.
796 2700 922 2748 Vide
953 2703 988 2748 t.
1014 2701 1060 2748 V
1090 2717 1135 2762 p.
1167 2702 1269 2748 169
1289 2716 1358 2761 sq.
1416 2699 1629 2748 Contuli.

327 2774 408 2821 12.
462 2774 872 2822 Berolinensis
935 2792 1007 2838 gr.
1057 2775 1160 2823 195
1217 2774 1336 2823 olim
1398 2772 1895 2822 Claromontanus

336 2931 377 2992 1)
409 2929 528 2979 Vide
561 2932 720 2979 notam
753 2929 811 2974 ad
844 2930 968 2980 hunc
999 2930 1164 2980 locum.
1347 2931 1391 2987 2)
1422 2929 1541 2979 Vide
1572 2929 1694 2980 infra
1723 2945 1769 2992 p.
1796 2933 1894 2979 398.
