2044 3168
355 148 526 194 LEGIS
559 147 804 193 CONTRA
834 146 1193 192 ADULTEROS
1227 146 1436 192 SUASIO
1641 147 1747 200 307

62 285 236 348 οὕτως
297 285 634 356 ἀθλιώτερος
694 285 870 354 πατὴρ
926 283 956 337 ὁ
1010 285 1226 347 κτείνας
1285 291 1384 337 τοῦ
1447 286 1750 354 κρίναντος.

61 375 147 429 26.
187 375 279 428 διὰ
326 375 427 444 μὲν
474 375 541 444 δὴ
589 382 759 428 ταῦτα
805 375 858 427 οὶ
904 372 1128 427 παλαιοὶ
1176 375 1334 443 νόμοι
1382 376 1566 444 κρίσιν
1606 373 1751 427 ἐποί-

60 477 201 534 ησαν
247 462 337 516 καὶ
386 463 487 516 οὐκ
542 462 915 532 ἀπεστέρησαν
968 461 1168 525 ἀστοὺς
1223 458 1302 515 ὧν
1356 472 1470 525 τοῖς
1520 463 1753 526 οἰκέταις

60 553 398 624 μετέδωκαν,
454 552 657 606 οὐδένα
702 560 843 621 γοῦν
897 550 1140 621 οἰκέτην,
1195 548 1237 604 ὦ
1278 553 1472 621 πάτερ,
1528 553 1753 622 ἄκριτον

61 641 400 710 ἀποκτενεῖς,
454 641 573 695 ἀλλ’
627 643 772 712 ὅμως
818 640 1000 695 ἐκεῖνα
1054 642 1120 694 τὰ
1174 640 1372 710 ἀρχαῖα
1418 640 1508 695 καὶ
1562 647 1751 714 μακρῷ
1798 664 1817 696 ⁵

61 730 443 801 βεβαιωθέντα
496 733 676 802 χρόνῳ
730 731 909 784 πάντα
963 729 1146 783 ὕθλον
1197 729 1482 799 ἀπέφηνας
1526 728 1618 784 καὶ
1662 748 1753 784 πε-

61 822 290 889 ποίηκας
342 830 454 873 τῶν
506 821 724 874 παίδων
775 822 905 883 τοὺς
958 819 1195 889 πατέρας
1249 818 1508 887 σφαγέας.
1571 818 1754 883 οὐδεὶς
1795 890 1798 893 ξ

62 907 413 963 ἐναντιοῦταί
449 923 550 962 σου
598 914 673 982 τῷ
720 911 886 981 νόμω.
941 912 1202 979 κρατείτω
1241 910 1375 976 μετὰ
1420 918 1532 962 τῶν
1571 910 1756 963 ἄλλων

61 1008 172 1051 τῶν
211 1008 462 1068 φονικῶν
499 999 560 1066 ἢ,
609 999 657 1051 εἰ
696 999 886 1067 βούλει
927 1017 1012 1066 γε,
1061 996 1150 1051 καὶ
1189 999 1295 1068 πρὸ
1336 996 1565 1051 ἐκείνων
1604 996 1754 1051 ἐπαι-

61 1088 283 1140 νείσθω.
338 1085 484 1139 τοῦτ’
533 1087 665 1140 αὐτὸ
716 1086 904 1154 μέντοι
950 1089 1246 1156 πεποίηκεν
1301 1086 1436 1141 ὁδὸν
1490 1092 1564 1159 τῷ
1619 1088 1754 1141 κατὰ
1780 1111 1822 1143 ιο

61 1185 173 1229 τῶν
218 1184 427 1245 μοιχῶν
474 1178 638 1248 νόμω.
694 1176 782 1229 καὶ
830 1177 1075 1248 τοσούτω
1126 1176 1263 1248 ῥᾷον
1310 1174 1431 1246 ἐμοὶ
1476 1184 1677 1230 τοῦτον
1723 1175 1755 1245 ἢ

63 1263 150 1318 σοὶ
181 1270 368 1318 θεῖναι
401 1266 498 1319 τὸν
528 1268 803 1335 πρότερον
835 1265 1067 1334 ἐκεῖνον,
1101 1266 1210 1338 ὅσῳ
1244 1266 1381 1335 πρὸς
1411 1266 1756 1336 παράδειγμα

64 1351 70 1426 Ι
112 1354 213 1424 μὲν
253 1353 359 1423 ἐγὼ
400 1353 618 1423 βλέπων
657 1354 872 1426 γράφω,
913 1358 982 1409 σὺ
1015 1356 1076 1409 δὲ
1107 1358 1400 1409 καινότατα
1438 1356 1574 1409 πάν-
1621 1360 1741 1406 RIV
1759 1366 1844 1406 576

61 1463 171 1496 των
208 1443 410 1513 ἠξίους.
448 1445 664 1497 παίδων
704 1440 808 1498 οὖν
847 1444 1085 1514 ἀκρίτων
1121 1444 1600 1512 ἀποθανουμένων
1638 1466 1756 1515 μοι-

19 1587 36 1594 ,
61 1538 139 1605 χῷ
178 1533 239 1586 τὸ
282 1538 405 1586 ἴσον
444 1533 545 1587 οὐκ
585 1533 932 1598 έπικείσεται;
1782 1547 1823 1580 1⁵

173 1622 259 1675 27.
299 1624 372 1675 Τί
400 1623 519 1692 γὰρ
552 1624 813 1691 κωλύει,
854 1624 1008 1693 φησί,
1040 1625 1153 1677 τὸν
1189 1622 1584 1693 εἰλημμένον
1622 1625 1757 1692 κρί-

61 1729 226 1775 νειν;
276 1711 380 1780 ἐγώ
421 1726 509 1765 σοι
546 1712 684 1782 πρὸς
722 1720 887 1766 τοῦτο
928 1712 1350 1782 ἀποκρινοῦμαι,
1389 1713 1574 1783 πάτερ.
1612 1723 1758 1784 πρῶ-

12 1864 15 1865 ⁷
62 1819 161 1853 τον
214 1798 315 1868 μὲν
371 1803 513 1872 βαρὺ
568 1807 642 1874 τῷ
691 1801 958 1871 πάσχοντι
1011 1809 1280 1855 τοσοῦτον
1333 1803 1503 1856 κακὸν
1557 1790 1758 1873 ὁρῶντι

183 1951 209 1990 3
242 1946 298 1991 cf.
327 1946 462 2006 Greg.
488 1946 623 2005 Cypr.
650 1963 790 2004 supra
813 1963 857 2005 p.
878 1953 977 2002 143,
996 1953 1021 1991 2
1041 1962 1107 2004 sq.
1231 1953 1256 1991 6
1283 1948 1339 1992 cf.
1365 1949 1397 1993 t.
1415 1948 1479 1992 IV
1503 1953 1605 2005 895,
1625 1954 1678 1993 10
1696 1950 1757 2004 R;

63 2006 164 2050 t.11
196 2011 297 2062 549,
317 2011 392 2061 ιτς
427 2007 489 2051 111
514 2012 659 2063 55,14

186 2131 240 2170 16
272 2124 521 2184 ἀντίληψις
547 2128 631 2171 Mo

189 2266 211 2304 1
246 2257 381 2311 οὗτος
404 2262 439 2304 Ι
480 2262 487 2316 Ι
537 2259 653 2304 ἄνευ
685 2261 792 2304 ante
823 2267 906 2304 τοῦ
933 2261 991 2305 H
1105 2265 1131 2304 3
1163 2261 1331 2311 ἀστοὺς
1362 2260 1528 2317 scripsi
1589 2262 1760 2313 αὐτοὺς

66 2318 177 2363 libri
209 2319 290 2363 sed
324 2333 379 2363 ex
410 2320 571 2371 αὐτοῖς
601 2333 703 2363 corr
730 2319 816 2371 01³,
849 2319 940 2363 edd
1000 2320 1110 2371 τοὺς
1139 2319 1272 2370 υἱοὺς
1301 2319 1464 2364 Iacobs
1490 2320 1602 2364 Lect
1629 2323 1635 2377 Ι
1662 2328 1760 2373 τοῖς

66 2378 268 2430 οἰκέταις
294 2405 347 2411 -
373 2383 400 2422 4
433 2377 616 2435 οἰκέτην
645 2391 718 2421 om
744 2379 882 2423 ΗΜΘ
910 2383 916 2434 Ι
944 2386 1042 2431 τοῖς
1073 2378 1273 2430 οἰκέταις
1299 2379 1353 2423 Ol
1384 2380 1466 2423 sed
1498 2393 1524 2423 e
1553 2381 1663 2432 τοὺς
1694 2381 1760 2426 οἰ-

66 2437 201 2489 κέτας
232 2452 335 2482 corr
363 2439 434 2481 m³
577 2444 604 2481 4
637 2434 672 2481 ὦ
704 2438 871 2492 πάτερ,
911 2437 1104 2492 ἄκριτον
1135 2438 1299 2495 scripsi
1331 2451 1356 2482 e
1381 2439 1575 2484 MaOlB
1651 2439 1759 2495 ἄτερ

68 2496 260 2553 ἄκριτον
283 2498 421 2542 HMO
482 2496 675 2552 ἄκριτον
709 2493 743 2540 ὦ
775 2496 920 2552 πάτερ
946 2498 1176 2543 MLaurI
1200 2498 1292 2543 edd
1429 2504 1455 2541 5
1489 2497 1760 2550 ἀποκτένεις

69 2556 123 2600 Η
181 2555 472 2609 ἀποκτείνεις
494 2558 579 2602 Mo
702 2561 726 2599 6
759 2554 910 2616 χρόνῳ
943 2556 1266 2616 βεβαιωθέντα
1291 2559 1325 2601 Ι
1345 2558 1351 2614 Ι
1387 2555 1536 2602 ὕθλον
1562 2559 1647 2603 Mo
1679 2559 1758 2602 sed

69 2615 146 2659 del
178 2619 225 2660 et
256 2616 407 2660 ἀθλὸν
438 2617 488 2660 in
511 2630 646 2673 marg
707 2612 874 2660 οἰθλον
900 2617 953 2661 ΟΖ
1073 2621 1099 2659 8
1125 2631 1197 2661 σοι
1216 2618 1306 2661 Μα
1330 2616 1412 2660 sed
1437 2631 1520 2661 σου
1545 2631 1760 2674 suprascr

68 2675 151 2729 m³,
178 2675 261 2720 011
402 2680 427 2719 9
458 2683 551 2720 τῶν
582 2675 758 2719 inserui
790 2689 846 2719 ex
870 2676 1302 2721 HMoMaOlBMI
1355 2690 1430 2719 om
1455 2677 1591 2721 Laur
1622 2677 1715 2720 edd
1749 2676 1755 2735 Ι

68 2734 185 2790 πρὸς
216 2736 302 2779 Mo
435 2739 487 2779 11
529 2735 729 2793 τοσούτῳ
758 2736 810 2780 ΟΖ
840 2734 922 2779 sed
953 2749 980 2778 σ
1011 2748 1067 2778 ex
1098 2752 1115 2779 ι
1147 2748 1248 2779 corr
1277 2735 1349 2779 m³
1407 2744 1599 2780 τοσοῦτο
1624 2736 1761 2780 Lam·

190 2798 244 2837 15
278 2790 379 2839 ἶσον
404 2795 547 2838 ΗΜα
669 2799 722 2838 16
756 2808 869 2850 φησι
892 2793 1059 2839 κωλύει
1075 2795 1160 2839 Mo
1186 2796 1194 2852 Ι
1221 2794 1388 2840 κωλύει
1410 2809 1485 2838 om
1502 2797 1561 2840 H
1580 2798 1586 2852 Ι
1614 2794 1759 2850 κρίνει

365 2869 483 2908 προς

71 2912 157 2955 Mo
279 2917 332 2956 17
365 2913 444 2957 καὶ
470 2914 515 2957 Β
558 2914 564 2968 Ι
609 2913 814 2970 πρῶτον]
845 2919 908 2956 τῶ
933 2913 991 2956 Η
1043 2910 1096 2958 τὸ
1122 2914 1207 2956 Mo
1330 2917 1384 2956 18
1417 2911 1597 2969 ὁρῶντα
1621 2914 1759 2970 ΗΜο

71 2972 119 3014 eb
148 2970 311 3014 Iacobs
344 2971 443 3015 Ach
474 2971 511 3014 T
537 2975 623 3015 660

1316 3046 1406 3090 20*
