2014 3158
251 87 363 139 454
662 86 927 146 [LIBANII]
959 86 1350 131 DECLAMATIO
1381 86 1526 131 XLIII

252 223 411 275 νείτω
450 221 540 275 καὶ
581 223 796 289 δωρεὰν
842 220 1004 291 ἐχέτω
1052 223 1152 291 τὴν
1198 222 1481 291 βούλησιν.
1543 222 1629 275 31.
1666 223 1718 274 εἰ
1764 221 1825 274 δὲ
1872 223 1943 274 σὺ
2000 228 2003 230 ’

251 319 360 364 νῦν
397 312 511 363 ἄνω
551 309 641 363 καὶ
681 311 824 363 κάτω
867 310 1121 380 στρέφων
1151 312 1248 373 τὰς
1287 313 1562 378 συλλαβὰς
1599 311 1806 372 πείσεις
1845 311 1944 364 τὸν

252 401 429 467 δῆμον
468 399 568 468 οὐχ
609 399 751 452 οὕτω
793 409 1027 468 φρονεῖν
1059 399 1132 462 ὡς
1165 399 1372 462 ἐκεῖνος
1410 399 1657 468 ἀρχῆθεν
1688 399 1944 467 ὡρίσατο,

251 488 353 555 ὅρα
398 489 470 556 μὴ
516 490 757 550 πολλοὺς
803 489 1134 556 διαγράφειν
1182 487 1455 558 ἐπιχειρῇς
1500 494 1600 540 τοῦ
1646 488 1943 541 καλλίστου

207 598 226 629 5
249 586 361 629 τῶν
422 580 878 647 τυραννοκτόνων
937 579 1144 631 κύκλου
1206 576 1296 630 καὶ
1359 578 1424 630 τὰ
1485 586 1597 629 τῶν
1650 576 1944 646 τυράννων

249 670 516 737 καθιστᾷς
553 667 878 734 βεβαιότερα
923 667 1141 729 τούτοις
1189 659 1282 728 οἷς
1319 666 1682 733 καταβάλλειν
1731 669 1943 734 μᾶλλον

250 752 520 823 ἐνόμισας.

361 843 447 895 32.
488 845 576 895 Σύ
616 863 709 910 μοι
747 841 1042 912 προφέρεις
1079 845 1179 896 τὸν
1217 844 1498 912 τύραννον
1536 842 1626 896 καὶ
1662 844 1728 896 τὰ
1761 841 1819 896 ἐκ
1849 850 1943 910 τῆς

248 932 580 1001 τυραννίδος
625 933 763 984 κακὰ
817 932 907 984 καὶ
958 930 1096 998 ἕτερ’
1149 933 1281 984 ἄττα
1335 931 1510 984 ὁπόσα
1564 930 1782 985 ἐκεῖθεν
1830 931 1940 984 ὑπὸ

182 1041 225 1073 10
248 1026 472 1091 πονηρῷ
519 1027 591 1092 τῷ
633 1020 898 1089 σπέρματι
946 1022 1320 1090 πονηρότερον
1367 1020 1664 1090 ἀνεφύετο,
1721 1019 1825 1088 ἐγὼ
1881 1018 1946 1072 δέ

249 1123 337 1162 σοι
382 1110 483 1177 τὴν
529 1111 997 1178 τυραννοκτόνον,
1050 1110 1152 1178 τὴν
1197 1111 1432 1177 βουλήν,
1486 1110 1548 1162 τὸ
1606 1107 1788 1178 ξίφος,
1841 1109 1943 1177 τὴν

248 1208 419 1267 χεῖρα,
457 1199 628 1251 τᾶλλα
666 1197 842 1252 ὁπόσα
880 1208 992 1251 τῶν
1031 1197 1263 1266 ἀγαθῶν
1302 1196 1567 1251 ἐντεῦθεν
1598 1199 1942 1267 περιχορεύει

247 1287 350 1354 τὴν
386 1289 565 1339 πόλιν.
606 1286 690 1338 33.
730 1291 943 1355 μᾶλλον
981 1283 1083 1355 μὲν
1123 1282 1227 1340 οὖν
1267 1287 1432 1349 αὐτὸς
1462 1287 1490 1340 ὁ
1523 1289 1827 1356 κατήγορος
1858 1279 1942 1348 οἷς

247 1376 314 1428 τὰ
352 1383 447 1444 τῆς
485 1376 817 1444 τυραννίδος
848 1373 1226 1446 ἐκτραγῳδεῖς,
1265 1376 1482 1437 τούτοις
1521 1377 1585 1427 τὰ
1617 1383 1711 1444 τῆς
1741 1395 1940 1445 τυραν-

182 1485 224 1518 1⁵
247 1467 537 1526 νοκτονίας
593 1463 850 1526 ἐπαύξειν
904 1465 1097 1526 δοκεῖς.
1159 1463 1303 1517 οὕτω
1365 1473 1482 1526 τοῖς
1543 1464 1708 1526 αὐτὸς
1769 1464 1941 1516 αὑτοῦ

245 1554 706 1622 περιτρεπόμενος
760 1552 999 1621 λέληθας
1051 1554 1142 1605 καὶ
1195 1555 1477 1622 περιιστάς
1540 1556 1617 1615 εἰς
1678 1553 1941 1606 τάναντία

246 1642 347 1709 τὴν
386 1642 667 1710 βούλησιν.
713 1643 762 1695 εἰ
800 1643 904 1710 γὰρ
947 1642 1120 1704 οὕτως
1159 1640 1366 1704 ἐκεῖνος
1404 1639 1473 1710 ἧν
1511 1643 1849 1711 τυραννικόν
1887 1661 1939 1694 τι

247 1738 424 1798 χρῆμα
469 1729 559 1783 καὶ
606 1736 762 1793 θεοῖς
809 1730 1193 1800 ἀπεχθόμενον
1238 1731 1327 1783 καὶ
1376 1735 1671 1799 τηλικαῦτα
1721 1727 1821 1796 μὲν
1861 1731 1939 1792 εἰς

248 1818 448 1880 αὐτοὺς
479 1821 686 1887 νόμους
718 1819 1009 1887 ἡμάρτανε,
1048 1822 1344 1887 τηλικαῦτα
1378 1816 1438 1871 δὲ
1471 1820 1595 1885 περὶ
1627 1819 1726 1871 τὸν
1762 1819 1939 1886 δῆμον

366 2013 390 2050 2
425 2008 482 2052 cf.
515 2011 548 2051 t.
575 2009 638 2052 VI
666 2013 762 2063 102,
782 2013 806 2052 6
931 2014 954 2052 9
980 2024 1046 2065 sq.
1081 2009 1213 2053 Chor.
1246 2010 1333 2065 tyr.
1367 2025 1412 2065 p.
1438 2014 1509 2063 51,
1528 2013 1582 2051 20
1603 2022 1667 2063 sq.

369 2191 389 2228 1
415 2185 632 2242 βούλησιν
657 2186 820 2242 scripsi
845 2202 868 2230 e
890 2187 1034 2232 Maol
1045 2188 1133 2231 Vat
1193 2186 1373 2242 αἴτησιν
1395 2187 1476 2230 Mo
1501 2186 1568 2229 Re
1690 2190 1715 2227 3
1745 2192 1936 2240 φρονῶν

257 2245 344 2288 Vat
464 2250 490 2286 4
523 2244 806 2301 διαγράφειν
838 2246 1002 2302 Scripsi
1036 2260 1060 2289 e
1088 2247 1231 2291 MaOl
1246 2247 1330 2290 Vat
1391 2244 1658 2301 διαγράφον
1690 2245 1772 2288 Mo
1834 2245 1936 2286 δια-

247 2302 441 2358 γράφων
474 2303 541 2347 Re
678 2308 968 2366 6καθιστᾷς
999 2303 1272 2362 βεβαιότερα
1306 2304 1467 2360 scripsi
1502 2317 1526 2346 e
1555 2305 1641 2347 Ma
1674 2302 1935 2359 (καθιστὰς)

249 2362 301 2406 Ol
314 2363 400 2406 Vat
461 2360 734 2419 βεβαιότερα
764 2367 994 2439 καθιστᾶς
1021 2365 1104 2408 Mo
1135 2364 1202 2408 Re
1238 2365 1244 2421 Ι
1282 2362 1561 2421 καταβάλειν
1588 2364 1676 2406 Μα
1798 2366 1823 2404 8
1854 2366 1937 2417 τῆς

248 2435 322 2465 om
350 2422 592 2466 ManVat
725 2426 749 2465 9
782 2419 898 2476 ἕτερ’
934 2409 1051 2466 άττα
1090 2423 1255 2478 scripsi
1288 2438 1391 2466 cum
1422 2421 1631 2465 Iacobsio
1665 2420 1807 2465 Schul
1845 2419 1936 2464 coll

246 2482 280 2522 t.
307 2480 344 2523 V
375 2485 538 2534 74,14;
571 2480 635 2523 IV
660 2485 759 2536 252,
779 2487 803 2524 9
868 2481 1084 2550 ἕτεράττα
1116 2482 1226 2525 libri
1259 2481 1466 2537 (ἑτεράτα
1499 2482 1602 2536 Vat)
1666 2478 1782 2533 ἕτερ’
1819 2478 1933 2522 ἅττα

247 2539 315 2582 Re
454 2544 505 2582 12
538 2540 824 2596 περιχορεύει
857 2541 1021 2596 scripsi
1054 2556 1076 2584 e
1105 2541 1299 2585 Maon
1297 2546 1345 2584 at
1374 2542 1427 2583 ut
1459 2540 1562 2583 coni
1594 2539 1755 2582 Iacobs
1793 2537 1934 2581 Schul

250 2599 706 2713 Μῖῗῗέέωρέἒῖἐὲἳ
731 2599 979 2701 Βθηῃοιῷἰ
999 2603 1224 2702 Ὗὲᾑῗὲω
1248 2601 1355 2656 Ροπ
1372 2597 1934 2701 ἕέἲῖέύῗιὲιῧὲοέιὲοὲἒῗ

248 2715 405 2758 cobsio
446 2716 558 2760 Lech
597 2716 737 2760 Schul
753 2673 911 2760 pcolon
944 2674 1041 2761 Vc}³
1075 2666 1308 2762 Sommffig
1334 2673 1401 2760 fle
1453 2719 1458 2770 Ι
1507 2717 1621 2774 τοῖς]
1661 2732 1733 2760 τοι
1770 2715 1932 2758 Iacobs

250 2773 422 2825 Schuli
452 2776 595 2818 αὐτοῦ
627 2775 736 2818 libri
768 2776 835 2818 Re
859 2775 1019 2820 Iacobs
1143 2781 1195 2819 16
1229 2775 1383 2831 λόγοις
1412 2778 1519 2831 post.
1550 2773 1932 2829 περιτρεπόμενος

246 2833 543 2876 inserendum
575 2834 678 2877 coni
709 2834 872 2878 Iacobs
905 2835 1017 2879 Leot
1065 2838 1071 2891 Ι
1121 2837 1356 2890 περιιστᾶς
1385 2835 1469 2879 Mo
1528 2840 1763 2888 περιιστᾶς
1789 2831 1933 2876 Maol

257 2893 344 2935 Vat
468 2898 519 2935 18
554 2893 865 2948 ἀπεκτόμενον
893 2896 975 2938 Mo
1004 2897 1008 2948 Ι
1039 2894 1084 2943 ἐς
1111 2896 1197 2938 Μα
