<?xml version="1.0" encoding="UTF-8"?>
<!DOCTYPE html PUBLIC "-//W3C//DTD XHTML 1.0 Transitional//EN"
    "http://www.w3.org/TR/xhtml1/DTD/xhtml1-transitional.dtd">
<html xmlns="http://www.w3.org/1999/xhtml" xml:lang="en" lang="en">
 <head>
  <title>
</title>
<meta http-equiv="Content-Type" content="text/html;charset=utf-8" />
  <meta name='ocr-system' content='tesseract 3.04.00' />
  <meta name='ocr-capabilities' content='ocr_page ocr_carea ocr_par ocr_line ocrx_word'/>
</head>
<body>
  <div class='ocr_page' id='page_1' title='image "./operarecensuitri07libauoft_0056.png"; bbox 0 0 2020 3146; ppageno 0'>
   <div class='ocr_carea' id='block_1_1' title="bbox 940 691 1164 745">
    <p class='ocr_par' dir='ltr' id='par_1_1' title="bbox 940 691 1164 745">
     <span class='ocr_line' id='line_1_1' title="bbox 940 691 1164 745; baseline 0.004 -1"><span class='ocrx_word' id='word_1_1' title='bbox 940 691 1164 745; x_wconf 91' lang='lat' dir='ltr'>XXXII.</span> 
     </span>
    </p>
   </div>
   <div class='ocr_carea' id='block_1_2' title="bbox 205 812 1951 2656">
    <p class='ocr_par' dir='ltr' id='par_1_2' title="bbox 205 812 1951 1384">
     <span class='ocr_line' id='line_1_2' title="bbox 317 812 1898 881; baseline 0 -18"><span class='ocrx_word' id='word_1_2' title='bbox 317 816 626 864; x_wconf 73' lang='lat' dir='ltr'>Declamatio</span> <span class='ocrx_word' id='word_1_3' title='bbox 657 817 898 878; x_wconf 87' lang='lat' dir='ltr'>inscripta</span> <span class='ocrx_word' id='word_1_4' title='bbox 934 814 1307 881; x_wconf 76' lang='grc' dir='ltr'><em>Φιλάργυρος</em></span> <span class='ocrx_word' id='word_1_5' title='bbox 1345 812 1624 879; x_wconf 81' lang='grc' dir='ltr'><em>ἐρασθεὶς</em></span> <span class='ocrx_word' id='word_1_6' title='bbox 1663 813 1898 881; x_wconf 75' lang='grc' dir='ltr'><em>ἑταίρας</em></span> 
     </span>
     <span class='ocr_line' id='line_1_3' title="bbox 205 887 1898 955; baseline 0 -17"><span class='ocrx_word' id='word_1_7' title='bbox 205 888 302 938; x_wconf 84' lang='grc' dir='ltr'>καὶ</span> <span class='ocrx_word' id='word_1_8' title='bbox 334 888 553 953; x_wconf 83' lang='grc' dir='ltr'><em>μισθὸν</em></span> <span class='ocrx_word' id='word_1_9' title='bbox 592 887 1031 954; x_wconf 79' lang='grc' dir='ltr'><em>ἀπαιτούμενος</em></span> <span class='ocrx_word' id='word_1_10' title='bbox 1070 887 1281 939; x_wconf 76' lang='grc' dir='ltr'><em>ἑαυτὸν</em></span> <span class='ocrx_word' id='word_1_11' title='bbox 1319 887 1766 955; x_wconf 77' lang='grc' dir='ltr'><em>προσαγγέλλει,</em></span> <span class='ocrx_word' id='word_1_12' title='bbox 1800 906 1898 952; x_wconf 86' lang='lat' dir='ltr'>qua</span> 
     </span>
     <span class='ocr_line' id='line_1_4' title="bbox 207 964 1899 1027; baseline -0.001 -14"><span class='ocrx_word' id='word_1_13' title='bbox 207 980 388 1013; x_wconf 86' lang='lat' dir='ltr'>avarus</span> <span class='ocrx_word' id='word_1_14' title='bbox 421 964 676 1026; x_wconf 85' lang='lat' dir='ltr'>deperiens</span> <span class='ocrx_word' id='word_1_15' title='bbox 708 980 873 1013; x_wconf 90' lang='lat' dir='ltr'>amore</span> <span class='ocrx_word' id='word_1_16' title='bbox 905 965 1224 1012; x_wconf 80' lang='lat' dir='ltr'>mulierculae</span> <span class='ocrx_word' id='word_1_17' title='bbox 1254 964 1340 1012; x_wconf 90' lang='lat' dir='ltr'>ubi</span> <span class='ocrx_word' id='word_1_18' title='bbox 1370 964 1492 1012; x_wconf 90' lang='lat' dir='ltr'>haec</span> <span class='ocrx_word' id='word_1_19' title='bbox 1524 967 1784 1027; x_wconf 87' lang='lat' dir='ltr'>argentum</span> <span class='ocrx_word' id='word_1_20' title='bbox 1814 980 1899 1026; x_wconf 88' lang='lat' dir='ltr'>pe-</span> 
     </span>
     <span class='ocr_line' id='line_1_5' title="bbox 205 1033 1899 1104; baseline -0.001 -17"><span class='ocrx_word' id='word_1_21' title='bbox 205 1040 323 1087; x_wconf 87' lang='lat' dir='ltr'>tivit</span> <span class='ocrx_word' id='word_1_22' title='bbox 377 1040 588 1086; x_wconf 77' lang='lat' dir='ltr'>cicutam</span> <span class='ocrx_word' id='word_1_23' title='bbox 636 1054 666 1087; x_wconf 91' lang='lat' dir='ltr'>a</span> <span class='ocrx_word' id='word_1_24' title='bbox 709 1041 884 1087; x_wconf 89' lang='lat' dir='ltr'>senatu</span> <span class='ocrx_word' id='word_1_25' title='bbox 938 1040 1067 1100; x_wconf 89' lang='lat' dir='ltr'>petit</span> <span class='ocrx_word' id='word_1_26' title='bbox 1078 1033 1142 1104; x_wconf 88' lang='grc'>1),</span> <span class='ocrx_word' id='word_1_27' title='bbox 1197 1038 1580 1087; x_wconf 76' lang='lat' dir='ltr'>admiratoribus</span> <span class='ocrx_word' id='word_1_28' title='bbox 1635 1039 1899 1086; x_wconf 83' lang='lat' dir='ltr'>facundiae</span> 
     </span>
     <span class='ocr_line' id='line_1_6' title="bbox 207 1108 1899 1174; baseline -0.001 -14"><span class='ocrx_word' id='word_1_29' title='bbox 207 1112 512 1160; x_wconf 86' lang='lat' dir='ltr'>Libanianae</span> <span class='ocrx_word' id='word_1_30' title='bbox 544 1114 706 1161; x_wconf 89' lang='lat' dir='ltr'>minus</span> <span class='ocrx_word' id='word_1_31' title='bbox 740 1115 944 1174; x_wconf 86' lang='lat' dir='ltr'>accepta</span> <span class='ocrx_word' id='word_1_32' title='bbox 974 1112 1084 1160; x_wconf 88' lang='lat' dir='ltr'>fuit.</span> <span class='ocrx_word' id='word_1_33' title='bbox 1139 1113 1474 1161; x_wconf 88' lang='lat' dir='ltr'>Nihilominus</span> <span class='ocrx_word' id='word_1_34' title='bbox 1508 1108 1763 1174; x_wconf 82' lang='lat' dir='ltr'>‘corporis’</span> <span class='ocrx_word' id='word_1_35' title='bbox 1790 1112 1899 1160; x_wconf 90' lang='lat' dir='ltr'>fini-</span> 
     </span>
     <span class='ocr_line' id='line_1_7' title="bbox 206 1187 1899 1251; baseline -0.001 -16"><span class='ocrx_word' id='word_1_36' title='bbox 206 1188 299 1235; x_wconf 92' lang='lat' dir='ltr'>bus</span> <span class='ocrx_word' id='word_1_37' title='bbox 329 1203 427 1235; x_wconf 91' lang='lat' dir='ltr'>non</span> <span class='ocrx_word' id='word_1_38' title='bbox 461 1188 673 1234; x_wconf 88' lang='lat' dir='ltr'>coercita</span> <span class='ocrx_word' id='word_1_39' title='bbox 705 1187 904 1251; x_wconf 89' lang='lat' dir='ltr'>mansit,</span> <span class='ocrx_word' id='word_1_40' title='bbox 936 1187 1023 1235; x_wconf 89' lang='lat' dir='ltr'>sed</span> <span class='ocrx_word' id='word_1_41' title='bbox 1046 1188 1196 1235; x_wconf 91' lang='lat' dir='ltr'>etiam</span> <span class='ocrx_word' id='word_1_42' title='bbox 1226 1188 1279 1235; x_wconf 87' lang='lat' dir='ltr'>in</span> <span class='ocrx_word' id='word_1_43' title='bbox 1311 1187 1506 1249; x_wconf 85' lang='lat' dir='ltr'>eclogas</span> <span class='ocrx_word' id='word_1_44' title='bbox 1538 1187 1633 1234; x_wconf 89' lang='lat' dir='ltr'>etsi</span> <span class='ocrx_word' id='word_1_45' title='bbox 1662 1187 1899 1249; x_wconf 90' lang='lat' dir='ltr'>paucissi-</span> 
     </span>
     <span class='ocr_line' id='line_1_8' title="bbox 209 1260 1901 1323; baseline -0.001 -14"><span class='ocrx_word' id='word_1_46' title='bbox 209 1277 316 1309; x_wconf 89' lang='lat' dir='ltr'>mas</span> <span class='ocrx_word' id='word_1_47' title='bbox 347 1260 561 1309; x_wconf 89' lang='lat' dir='ltr'>transiit.</span> <span class='ocrx_word' id='word_1_48' title='bbox 626 1260 827 1309; x_wconf 83' lang='lat' dir='ltr'>Codices</span> <span class='ocrx_word' id='word_1_49' title='bbox 861 1264 1027 1310; x_wconf 89' lang='lat' dir='ltr'>autem</span> <span class='ocrx_word' id='word_1_50' title='bbox 1060 1260 1239 1322; x_wconf 84' lang='lat' dir='ltr'>quibus</span> <span class='ocrx_word' id='word_1_51' title='bbox 1280 1260 1343 1308; x_wconf 91' lang='lat' dir='ltr'>ad</span> <span class='ocrx_word' id='word_1_52' title='bbox 1381 1261 1510 1308; x_wconf 89' lang='lat' dir='ltr'>hanc</span> <span class='ocrx_word' id='word_1_53' title='bbox 1545 1263 1760 1308; x_wconf 88' lang='lat' dir='ltr'>aetatem</span> <span class='ocrx_word' id='word_1_54' title='bbox 1790 1277 1901 1323; x_wconf 91' lang='lat' dir='ltr'>per-</span> 
     </span>
     <span class='ocr_line' id='line_1_9' title="bbox 209 1327 1951 1384; baseline -0.002 0"><span class='ocrx_word' id='word_1_55' title='bbox 209 1337 348 1384; x_wconf 84' lang='lat' dir='ltr'>venit</span> <span class='ocrx_word' id='word_1_56' title='bbox 377 1337 495 1382; x_wconf 88' lang='lat' dir='ltr'>sunt</span> <span class='ocrx_word' id='word_1_57' title='bbox 523 1335 577 1382; x_wconf 92' lang='lat' dir='ltr'>hi</span> <span class='ocrx_word' id='word_1_58' title='bbox 612 1337 693 1383; x_wconf 86' lang='lat'>16.</span> <span class='ocrx_word' id='word_1_59' title='bbox 1948 1327 1951 1329; x_wconf 57' lang='grc'><strong>’</strong></span> 
     </span>
    </p>

    <p class='ocr_par' dir='ltr' id='par_1_3' title="bbox 319 1405 997 1471">
     <span class='ocr_line' id='line_1_10' title="bbox 319 1405 997 1471; baseline 0.001 -16"><span class='ocrx_word' id='word_1_60' title='bbox 319 1409 512 1470; x_wconf 89' lang='lat' dir='ltr'>Incipio</span> <span class='ocrx_word' id='word_1_61' title='bbox 545 1425 574 1456; x_wconf 91' lang='lat' dir='ltr'>a</span> <span class='ocrx_word' id='word_1_62' title='bbox 607 1405 997 1471; x_wconf 72' lang='lat' dir='ltr'>‘corporalibus&#39;.</span> 
     </span>
    </p>

    <p class='ocr_par' dir='ltr' id='par_1_4' title="bbox 210 1481 1903 1901">
     <span class='ocr_line' id='line_1_11' title="bbox 325 1481 1902 1546; baseline 0 -16"><span class='ocrx_word' id='word_1_63' title='bbox 325 1486 371 1531; x_wconf 86' lang='lat'>1.</span> <span class='ocrx_word' id='word_1_64' title='bbox 398 1481 561 1531; x_wconf 83' lang='lat' dir='ltr'>Codex</span> <span class='ocrx_word' id='word_1_65' title='bbox 584 1483 1177 1546; x_wconf 84' lang='lat' dir='ltr'>Hierosolymitanus</span> <span class='ocrx_word' id='word_1_66' title='bbox 1201 1483 1530 1531; x_wconf 84' lang='lat' dir='ltr'>bibliothecae</span> <span class='ocrx_word' id='word_1_67' title='bbox 1553 1483 1902 1544; x_wconf 88' lang='lat' dir='ltr'>patriarchalis</span> 
     </span>
     <span class='ocr_line' id='line_1_12' title="bbox 211 1551 1903 1624; baseline -0.001 -19"><span class='ocrx_word' id='word_1_68' title='bbox 211 1557 259 1605; x_wconf 87' lang='lat' dir='ltr'>S.</span> <span class='ocrx_word' id='word_1_69' title='bbox 294 1556 500 1605; x_wconf 84' lang='lat' dir='ltr'>Crucis</span> <span class='ocrx_word' id='word_1_70' title='bbox 539 1558 604 1605; x_wconf 91' lang='lat'>57</span> <span class='ocrx_word' id='word_1_71' title='bbox 648 1552 743 1624; x_wconf 91' lang='lat'>(=</span> <span class='ocrx_word' id='word_1_72' title='bbox 769 1551 857 1623; x_wconf 81' lang='lat' dir='ltr'>Cr)</span> <span class='ocrx_word' id='word_1_73' title='bbox 899 1558 1248 1620; x_wconf 83' lang='lat' dir='ltr'>palimpsestus</span> <span class='ocrx_word' id='word_1_74' title='bbox 1291 1573 1414 1607; x_wconf 90' lang='lat' dir='ltr'>saec.</span> <span class='ocrx_word' id='word_1_75' title='bbox 1448 1551 1638 1621; x_wconf 78' lang='lat' dir='ltr'>XIsXII</span> <span class='ocrx_word' id='word_1_76' title='bbox 1683 1559 1903 1606; x_wconf 89' lang='lat' dir='ltr'>continet</span> 
     </span>
     <span class='ocr_line' id='line_1_13' title="bbox 210 1631 1898 1695; baseline -0.001 -16"><span class='ocrx_word' id='word_1_77' title='bbox 210 1632 332 1680; x_wconf 86' lang='lat' dir='ltr'>folio</span> <span class='ocrx_word' id='word_1_78' title='bbox 368 1632 483 1678; x_wconf 57' lang='grc' dir='ltr'>53ῩἺΓ</span> <span class='ocrx_word' id='word_1_79' title='bbox 519 1632 670 1680; x_wconf 86' lang='lat' dir='ltr'>verba</span> <span class='ocrx_word' id='word_1_80' title='bbox 708 1650 755 1694; x_wconf 89' lang='lat' dir='ltr'>p.</span> <span class='ocrx_word' id='word_1_81' title='bbox 785 1633 952 1692; x_wconf 89' lang='lat'>58,11</span> <span class='ocrx_word' id='word_1_82' title='bbox 996 1631 1111 1691; x_wconf 83' lang='grc' dir='ltr'><em>τοὺς</em></span> <span class='ocrx_word' id='word_1_83' title='bbox 1151 1631 1304 1691; x_wconf 83' lang='grc' dir='ltr'><em>θεούς</em></span> <span class='ocrx_word' id='word_1_84' title='bbox 1349 1647 1504 1693; x_wconf 87' lang='lat' dir='ltr'>usque</span> <span class='ocrx_word' id='word_1_85' title='bbox 1552 1633 1616 1679; x_wconf 87' lang='lat' dir='ltr'>ad</span> <span class='ocrx_word' id='word_1_86' title='bbox 1660 1650 1706 1695; x_wconf 91' lang='lat' dir='ltr'>p.</span> <span class='ocrx_word' id='word_1_87' title='bbox 1736 1633 1898 1692; x_wconf 81' lang='lat'>63,11</span> 
     </span>
     <span class='ocr_line' id='line_1_14' title="bbox 211 1704 1903 1774; baseline 0 -21"><span class='ocrx_word' id='word_1_88' title='bbox 211 1704 303 1771; x_wconf 82' lang='grc' dir='ltr'>γὰρ</span> <span class='ocrx_word' id='word_1_89' title='bbox 336 1705 511 1774; x_wconf 74' lang='grc' dir='ltr'><em>ζώνιον</em></span> <span class='ocrx_word' id='word_1_90' title='bbox 551 1708 600 1754; x_wconf 89' lang='lat' dir='ltr'>et</span> <span class='ocrx_word' id='word_1_91' title='bbox 638 1707 760 1754; x_wconf 85' lang='lat' dir='ltr'>folio</span> <span class='ocrx_word' id='word_1_92' title='bbox 796 1707 890 1754; x_wconf 74' lang='lat' dir='ltr'>52v</span> <span class='ocrx_word' id='word_1_93' title='bbox 921 1706 1068 1754; x_wconf 90' lang='lat' dir='ltr'>finem</span> <span class='ocrx_word' id='word_1_94' title='bbox 1115 1706 1488 1755; x_wconf 86' lang='lat' dir='ltr'>declamationis</span> <span class='ocrx_word' id='word_1_95' title='bbox 1529 1706 1640 1754; x_wconf 92' lang='lat' dir='ltr'>inde</span> <span class='ocrx_word' id='word_1_96' title='bbox 1680 1722 1709 1753; x_wconf 88' lang='lat' dir='ltr'>a</span> <span class='ocrx_word' id='word_1_97' title='bbox 1740 1705 1903 1754; x_wconf 84' lang='lat' dir='ltr'>verbis</span> 
     </span>
     <span class='ocr_line' id='line_1_15' title="bbox 211 1777 1902 1845; baseline 0.001 -20"><span class='ocrx_word' id='word_1_98' title='bbox 211 1796 258 1842; x_wconf 90' lang='lat' dir='ltr'>p.</span> <span class='ocrx_word' id='word_1_99' title='bbox 297 1781 387 1839; x_wconf 82' lang='lat'>72,</span> <span class='ocrx_word' id='word_1_100' title='bbox 415 1781 443 1825; x_wconf 91' lang='lat'>5</span> <span class='ocrx_word' id='word_1_101' title='bbox 491 1777 687 1844; x_wconf 80' lang='grc' dir='ltr'><em>ὀρφανὰ</em></span> <span class='ocrx_word' id='word_1_102' title='bbox 738 1780 926 1845; x_wconf 80' lang='grc' dir='ltr'><em>μικρόν.</em></span> <span class='ocrx_word' id='word_1_103' title='bbox 1006 1779 1102 1828; x_wconf 86' lang='lat' dir='ltr'>Sed</span> <span class='ocrx_word' id='word_1_104' title='bbox 1148 1796 1308 1842; x_wconf 89' lang='lat' dir='ltr'>pauca</span> <span class='ocrx_word' id='word_1_105' title='bbox 1355 1783 1487 1828; x_wconf 88' lang='lat' dir='ltr'>certo</span> <span class='ocrx_word' id='word_1_106' title='bbox 1534 1780 1635 1844; x_wconf 86' lang='lat' dir='ltr'>legi</span> <span class='ocrx_word' id='word_1_107' title='bbox 1681 1782 1902 1843; x_wconf 87' lang='lat' dir='ltr'>possunt.</span> 
     </span>
     <span class='ocr_line' id='line_1_16' title="bbox 212 1854 433 1901; baseline 0 -1"><span class='ocrx_word' id='word_1_108' title='bbox 212 1854 433 1901; x_wconf 85' lang='lat' dir='ltr'>Excussi.</span> 
     </span>
    </p>

    <p class='ocr_par' dir='ltr' id='par_1_5' title="bbox 215 1926 1903 2123">
     <span class='ocr_line' id='line_1_17' title="bbox 329 1926 1903 1991; baseline 0.001 -17"><span class='ocrx_word' id='word_1_109' title='bbox 329 1929 374 1974; x_wconf 86' lang='lat'>2.</span> <span class='ocrx_word' id='word_1_110' title='bbox 417 1927 1012 1991; x_wconf 86' lang='lat' dir='ltr'>Hierosolymitanus</span> <span class='ocrx_word' id='word_1_111' title='bbox 1068 1929 1398 1978; x_wconf 86' lang='lat' dir='ltr'>bibliothecae</span> <span class='ocrx_word' id='word_1_112' title='bbox 1451 1926 1799 1991; x_wconf 85' lang='lat' dir='ltr'>patriarchalis</span> <span class='ocrx_word' id='word_1_113' title='bbox 1855 1927 1903 1976; x_wconf 87' lang='lat' dir='ltr'>S.</span> 
     </span>
     <span class='ocr_line' id='line_1_18' title="bbox 215 1997 1903 2069; baseline 0 -21"><span class='ocrx_word' id='word_1_114' title='bbox 215 2000 491 2062; x_wconf 87' lang='lat' dir='ltr'>Sepulcri</span> <span class='ocrx_word' id='word_1_115' title='bbox 511 2005 613 2051; x_wconf 85' lang='lat'>107</span> <span class='ocrx_word' id='word_1_116' title='bbox 635 2000 729 2069; x_wconf 64' lang='grc' dir='ltr'>(Ξ</span> <span class='ocrx_word' id='word_1_117' title='bbox 747 1997 819 2068; x_wconf 90' lang='grc' dir='ltr'>Η)</span> <span class='ocrx_word' id='word_1_118' title='bbox 838 2018 961 2051; x_wconf 88' lang='lat' dir='ltr'>saec.</span> <span class='ocrx_word' id='word_1_119' title='bbox 979 2003 1098 2050; x_wconf 92' lang='lat' dir='ltr'>XIV</span> <span class='ocrx_word' id='word_1_120' title='bbox 1114 2003 1363 2051; x_wconf 63' lang='lat' dir='ltr'>f01.112v.</span> <span class='ocrx_word' id='word_1_121' title='bbox 1398 2003 1523 2050; x_wconf 88' lang='lat' dir='ltr'>Vide</span> <span class='ocrx_word' id='word_1_122' title='bbox 1541 2003 1629 2051; x_wconf 86' lang='lat' dir='ltr'>t.V</span> <span class='ocrx_word' id='word_1_123' title='bbox 1647 2019 1693 2064; x_wconf 91' lang='lat' dir='ltr'>p.</span> <span class='ocrx_word' id='word_1_124' title='bbox 1714 2003 1818 2049; x_wconf 87' lang='lat'>150</span> <span class='ocrx_word' id='word_1_125' title='bbox 1833 2016 1903 2063; x_wconf 89' lang='lat' dir='ltr'>sq.</span> 
     </span>
     <span class='ocr_line' id='line_1_19' title="bbox 217 2074 431 2123; baseline 0.005 -1"><span class='ocrx_word' id='word_1_126' title='bbox 217 2074 431 2123; x_wconf 80' lang='lat' dir='ltr'>Contuli.</span> 
     </span>
    </p>

    <p class='ocr_par' dir='ltr' id='par_1_6' title="bbox 215 2145 1903 2361">
     <span class='ocr_line' id='line_1_20' title="bbox 330 2145 1902 2217; baseline 0 -21"><span class='ocrx_word' id='word_1_127' title='bbox 330 2150 375 2196; x_wconf 87' lang='lat'>3.</span> <span class='ocrx_word' id='word_1_128' title='bbox 408 2149 738 2199; x_wconf 88' lang='lat' dir='ltr'>Vaticanus</span> <span class='ocrx_word' id='word_1_129' title='bbox 771 2168 841 2214; x_wconf 81' lang='lat' dir='ltr'>gr.</span> <span class='ocrx_word' id='word_1_130' title='bbox 878 2152 983 2200; x_wconf 87' lang='grc'>940</span> <span class='ocrx_word' id='word_1_131' title='bbox 1017 2146 1111 2217; x_wconf 82' lang='lat'>(=</span> <span class='ocrx_word' id='word_1_132' title='bbox 1137 2145 1206 2217; x_wconf 87' lang='lat' dir='ltr'>V)</span> <span class='ocrx_word' id='word_1_133' title='bbox 1240 2166 1363 2199; x_wconf 91' lang='lat' dir='ltr'>saec.</span> <span class='ocrx_word' id='word_1_134' title='bbox 1389 2150 1652 2216; x_wconf 71' lang='lat' dir='ltr'>XIIIsXIV</span> <span class='ocrx_word' id='word_1_135' title='bbox 1684 2150 1767 2198; x_wconf 85' lang='lat' dir='ltr'>fol.</span> <span class='ocrx_word' id='word_1_136' title='bbox 1796 2150 1902 2197; x_wconf 64' lang='lat' dir='ltr'>98V.</span> 
     </span>
     <span class='ocr_line' id='line_1_21' title="bbox 215 2222 1903 2286; baseline 0.001 -17"><span class='ocrx_word' id='word_1_137' title='bbox 215 2222 345 2270; x_wconf 91' lang='lat' dir='ltr'>Vide</span> <span class='ocrx_word' id='word_1_138' title='bbox 375 2225 409 2270; x_wconf 92' lang='lat' dir='ltr'>t.</span> <span class='ocrx_word' id='word_1_139' title='bbox 436 2223 480 2269; x_wconf 93' lang='lat' dir='ltr'>V</span> <span class='ocrx_word' id='word_1_140' title='bbox 511 2240 559 2285; x_wconf 92' lang='lat' dir='ltr'>p.</span> <span class='ocrx_word' id='word_1_141' title='bbox 589 2225 689 2272; x_wconf 83' lang='lat'>152</span> <span class='ocrx_word' id='word_1_142' title='bbox 712 2240 781 2286; x_wconf 89' lang='lat' dir='ltr'>sq.</span> <span class='ocrx_word' id='word_1_143' title='bbox 829 2224 1088 2273; x_wconf 87' lang='lat' dir='ltr'>Lectiones</span> <span class='ocrx_word' id='word_1_144' title='bbox 1121 2226 1227 2273; x_wconf 90' lang='lat' dir='ltr'>eius</span> <span class='ocrx_word' id='word_1_145' title='bbox 1260 2227 1428 2274; x_wconf 87' lang='lat' dir='ltr'>variae</span> <span class='ocrx_word' id='word_1_146' title='bbox 1460 2240 1489 2271; x_wconf 90' lang='lat' dir='ltr'>a</span> <span class='ocrx_word' id='word_1_147' title='bbox 1520 2224 1682 2272; x_wconf 90' lang='lat' dir='ltr'>Leone</span> <span class='ocrx_word' id='word_1_148' title='bbox 1715 2223 1903 2270; x_wconf 91' lang='lat' dir='ltr'>Allatio</span> 
     </span>
     <span class='ocr_line' id='line_1_22' title="bbox 215 2296 1687 2361; baseline 0.001 -18"><span class='ocrx_word' id='word_1_149' title='bbox 215 2296 432 2359; x_wconf 83' lang='lat' dir='ltr'>margini</span> <span class='ocrx_word' id='word_1_150' title='bbox 464 2297 645 2345; x_wconf 87' lang='lat' dir='ltr'>codicis</span> <span class='ocrx_word' id='word_1_151' title='bbox 677 2298 938 2347; x_wconf 88' lang='lat' dir='ltr'>Barberini</span> <span class='ocrx_word' id='word_1_152' title='bbox 970 2299 1246 2361; x_wconf 86' lang='lat' dir='ltr'>adscriptae</span> <span class='ocrx_word' id='word_1_153' title='bbox 1280 2302 1410 2347; x_wconf 92' lang='lat' dir='ltr'>sunt.</span> <span class='ocrx_word' id='word_1_154' title='bbox 1474 2298 1687 2347; x_wconf 90' lang='lat' dir='ltr'>Contuli.</span> 
     </span>
    </p>

    <p class='ocr_par' dir='ltr' id='par_1_7' title="bbox 217 2366 1906 2656">
     <span class='ocr_line' id='line_1_23' title="bbox 330 2366 1903 2438; baseline 0.002 -21"><span class='ocrx_word' id='word_1_155' title='bbox 330 2372 378 2417; x_wconf 84' lang='lat'>4.</span> <span class='ocrx_word' id='word_1_156' title='bbox 419 2371 791 2420; x_wconf 87' lang='lat' dir='ltr'>Monacensis</span> <span class='ocrx_word' id='word_1_157' title='bbox 831 2390 900 2436; x_wconf 85' lang='lat' dir='ltr'>gr.</span> <span class='ocrx_word' id='word_1_158' title='bbox 937 2374 1002 2421; x_wconf 87' lang='lat'>96</span> <span class='ocrx_word' id='word_1_159' title='bbox 1049 2366 1145 2438; x_wconf 80' lang='lat'>(=</span> <span class='ocrx_word' id='word_1_160' title='bbox 1170 2371 1308 2435; x_wconf 89' lang='lat' dir='ltr'>Mon)</span> <span class='ocrx_word' id='word_1_161' title='bbox 1351 2388 1475 2422; x_wconf 90' lang='lat' dir='ltr'>saec.</span> <span class='ocrx_word' id='word_1_162' title='bbox 1507 2371 1625 2420; x_wconf 93' lang='lat' dir='ltr'>XVI</span> <span class='ocrx_word' id='word_1_163' title='bbox 1662 2372 1746 2419; x_wconf 85' lang='lat' dir='ltr'>fol.</span> <span class='ocrx_word' id='word_1_164' title='bbox 1785 2374 1903 2432; x_wconf 87' lang='lat'>108,</span> 
     </span>
     <span class='ocr_line' id='line_1_24' title="bbox 217 2444 1904 2508; baseline 0 -16"><span class='ocrx_word' id='word_1_165' title='bbox 217 2444 262 2492; x_wconf 88' lang='lat' dir='ltr'>si</span> <span class='ocrx_word' id='word_1_166' title='bbox 292 2460 391 2491; x_wconf 91' lang='lat' dir='ltr'>non</span> <span class='ocrx_word' id='word_1_167' title='bbox 424 2460 482 2492; x_wconf 83' lang='lat' dir='ltr'>ex</span> <span class='ocrx_word' id='word_1_168' title='bbox 512 2447 619 2506; x_wconf 88' lang='lat' dir='ltr'>ipso</span> <span class='ocrx_word' id='word_1_169' title='bbox 651 2446 894 2494; x_wconf 83' lang='lat' dir='ltr'>Vaticano</span> <span class='ocrx_word' id='word_1_170' title='bbox 930 2449 1057 2508; x_wconf 87' lang='lat'>940,</span> <span class='ocrx_word' id='word_1_171' title='bbox 1098 2451 1227 2494; x_wconf 89' lang='lat' dir='ltr'>certe</span> <span class='ocrx_word' id='word_1_172' title='bbox 1268 2464 1326 2495; x_wconf 82' lang='lat' dir='ltr'>ex</span> <span class='ocrx_word' id='word_1_173' title='bbox 1365 2447 1467 2494; x_wconf 90' lang='lat' dir='ltr'>eius</span> <span class='ocrx_word' id='word_1_174' title='bbox 1506 2446 1659 2493; x_wconf 87' lang='lat' dir='ltr'>fratre</span> <span class='ocrx_word' id='word_1_175' title='bbox 1695 2446 1904 2508; x_wconf 87' lang='lat' dir='ltr'>gemello</span> 
     </span>
     <span class='ocr_line' id='line_1_25' title="bbox 218 2518 1904 2581; baseline 0.001 -17"><span class='ocrx_word' id='word_1_176' title='bbox 218 2520 465 2566; x_wconf 83' lang='lat' dir='ltr'>exaratus.</span> <span class='ocrx_word' id='word_1_177' title='bbox 515 2518 802 2581; x_wconf 86' lang='lat' dir='ltr'>Descriptus</span> <span class='ocrx_word' id='word_1_178' title='bbox 836 2523 911 2568; x_wconf 91' lang='lat' dir='ltr'>est</span> <span class='ocrx_word' id='word_1_179' title='bbox 935 2537 964 2568; x_wconf 91' lang='lat' dir='ltr'>a</span> <span class='ocrx_word' id='word_1_180' title='bbox 989 2521 1189 2570; x_wconf 85' lang='lat' dir='ltr'>Reiskia</span> <span class='ocrx_word' id='word_1_181' title='bbox 1220 2521 1272 2568; x_wconf 91' lang='lat' dir='ltr'>in</span> <span class='ocrx_word' id='word_1_182' title='bbox 1303 2536 1449 2568; x_wconf 93' lang='lat' dir='ltr'>usum</span> <span class='ocrx_word' id='word_1_183' title='bbox 1472 2520 1655 2580; x_wconf 90' lang='lat' dir='ltr'>mariti,</span> <span class='ocrx_word' id='word_1_184' title='bbox 1682 2519 1765 2580; x_wconf 90' lang='lat' dir='ltr'>qui</span> <span class='ocrx_word' id='word_1_185' title='bbox 1791 2535 1904 2566; x_wconf 89' lang='lat' dir='ltr'>eum</span> 
     </span>
     <span class='ocr_line' id='line_1_26' title="bbox 220 2593 1906 2656; baseline 0.001 -17"><span class='ocrx_word' id='word_1_186' title='bbox 220 2593 518 2640; x_wconf 87' lang='lat' dir='ltr'>Bavaricum</span> <span class='ocrx_word' id='word_1_187' title='bbox 558 2594 823 2641; x_wconf 89' lang='lat' dir='ltr'>secundum</span> <span class='ocrx_word' id='word_1_188' title='bbox 865 2595 1159 2656; x_wconf 84' lang='lat' dir='ltr'>appellavit,</span> <span class='ocrx_word' id='word_1_189' title='bbox 1200 2597 1249 2642; x_wconf 91' lang='lat' dir='ltr'>et</span> <span class='ocrx_word' id='word_1_190' title='bbox 1287 2595 1496 2642; x_wconf 88' lang='lat' dir='ltr'>collatus</span> <span class='ocrx_word' id='word_1_191' title='bbox 1537 2609 1665 2641; x_wconf 92' lang='lat' dir='ltr'>anno</span> <span class='ocrx_word' id='word_1_192' title='bbox 1702 2594 1840 2641; x_wconf 87' lang='lat'>1816</span> <span class='ocrx_word' id='word_1_193' title='bbox 1876 2608 1906 2640; x_wconf 90' lang='lat' dir='ltr'>a</span> 
     </span>
    </p>
   </div>
   <div class='ocr_carea' id='block_1_3' title="bbox 219 2748 1906 2982">
    <p class='ocr_par' dir='ltr' id='par_1_8' title="bbox 219 2748 1906 2982">
     <span class='ocr_line' id='line_1_27' title="bbox 343 2748 1904 2804; baseline 0 -13"><span class='ocrx_word' id='word_1_194' title='bbox 343 2750 383 2804; x_wconf 91' lang='lat'>1)</span> <span class='ocrx_word' id='word_1_195' title='bbox 418 2748 483 2792; x_wconf 86' lang='lat' dir='ltr'>Cf.</span> <span class='ocrx_word' id='word_1_196' title='bbox 516 2763 559 2804; x_wconf 87' lang='lat' dir='ltr'>p.</span> <span class='ocrx_word' id='word_1_197' title='bbox 586 2752 723 2802; x_wconf 81' lang='lat'><strong>42‚3;</strong></span> <span class='ocrx_word' id='word_1_198' title='bbox 755 2753 826 2803; x_wconf 86' lang='lat'>43,</span> <span class='ocrx_word' id='word_1_199' title='bbox 849 2755 921 2800; x_wconf 68' lang='lat'>¹53</span> <span class='ocrx_word' id='word_1_200' title='bbox 958 2754 1123 2804; x_wconf 79' lang='lat'>71‚17;</span> <span class='ocrx_word' id='word_1_201' title='bbox 1158 2754 1284 2803; x_wconf 80' lang='lat'>72‚7.</span> <span class='ocrx_word' id='word_1_202' title='bbox 1339 2749 1459 2792; x_wconf 78' lang='lat' dir='ltr'>Vide</span> <span class='ocrx_word' id='word_1_203' title='bbox 1490 2763 1534 2804; x_wconf 89' lang='lat' dir='ltr'>p.</span> <span class='ocrx_word' id='word_1_204' title='bbox 1563 2754 1587 2791; x_wconf 86' lang='lat'>2</span> <span class='ocrx_word' id='word_1_205' title='bbox 1620 2750 1714 2792; x_wconf 77' lang='lat' dir='ltr'>not.</span> <span class='ocrx_word' id='word_1_206' title='bbox 1744 2754 1780 2792; x_wconf 93' lang='lat'>1.</span> <span class='ocrx_word' id='word_1_207' title='bbox 1837 2748 1904 2791; x_wconf 80' lang='lat' dir='ltr'>De</span> 
     </span>
     <span class='ocr_line' id='line_1_28' title="bbox 219 2807 1903 2864; baseline 0 -14"><span class='ocrx_word' id='word_1_208' title='bbox 219 2809 495 2864; x_wconf 85' lang='lat' dir='ltr'>argumento</span> <span class='ocrx_word' id='word_1_209' title='bbox 512 2807 656 2851; x_wconf 85' lang='lat' dir='ltr'>totius</span> <span class='ocrx_word' id='word_1_210' title='bbox 674 2807 1028 2852; x_wconf 85' lang='lat' dir='ltr'>declamationis</span> <span class='ocrx_word' id='word_1_211' title='bbox 1046 2809 1461 2863; x_wconf 87' lang='lat' dir='ltr'>conaminibusque</span> <span class='ocrx_word' id='word_1_212' title='bbox 1476 2807 1560 2851; x_wconf 88' lang='lat' dir='ltr'>Th.</span> <span class='ocrx_word' id='word_1_213' title='bbox 1579 2807 1745 2851; x_wconf 90' lang='lat' dir='ltr'>Kockii</span> <span class='ocrx_word' id='word_1_214' title='bbox 1763 2807 1903 2863; x_wconf 89' lang='lat' dir='ltr'>(Com.</span> 
     </span>
     <span class='ocr_line' id='line_1_29' title="bbox 222 2866 1906 2923; baseline -0.001 -13"><span class='ocrx_word' id='word_1_215' title='bbox 222 2876 318 2917; x_wconf 70' lang='lat' dir='ltr'>Att,</span> <span class='ocrx_word' id='word_1_216' title='bbox 343 2868 398 2911; x_wconf 88' lang='lat' dir='ltr'>fr.</span> <span class='ocrx_word' id='word_1_217' title='bbox 415 2867 477 2910; x_wconf 83' lang='grc' dir='ltr'>ΠΙ</span> <span class='ocrx_word' id='word_1_218' title='bbox 508 2882 552 2923; x_wconf 92' lang='lat' dir='ltr'>p.</span> <span class='ocrx_word' id='word_1_219' title='bbox 574 2871 657 2909; x_wconf 78' lang='lat'>673</span> <span class='ocrx_word' id='word_1_220' title='bbox 682 2881 724 2908; x_wconf 90' lang='lat' dir='ltr'>n.</span> <span class='ocrx_word' id='word_1_221' title='bbox 755 2870 1062 2923; x_wconf 84' lang='lat'>1548—1550)</span> <span class='ocrx_word' id='word_1_222' title='bbox 1086 2866 1227 2910; x_wconf 85' lang='lat' dir='ltr'>verba</span> <span class='ocrx_word' id='word_1_223' title='bbox 1248 2867 1433 2910; x_wconf 86' lang='lat' dir='ltr'>Libanii</span> <span class='ocrx_word' id='word_1_224' title='bbox 1458 2867 1518 2910; x_wconf 87' lang='lat' dir='ltr'>ad</span> <span class='ocrx_word' id='word_1_225' title='bbox 1541 2880 1696 2910; x_wconf 86' lang='lat' dir='ltr'>versus</span> <span class='ocrx_word' id='word_1_226' title='bbox 1729 2880 1906 2910; x_wconf 88' lang='lat' dir='ltr'>comoe-</span> 
     </span>
     <span class='ocr_line' id='line_1_30' title="bbox 222 2925 1904 2982; baseline -0.002 -10"><span class='ocrx_word' id='word_1_227' title='bbox 222 2933 330 2976; x_wconf 78' lang='lat' dir='ltr'>diae</span> <span class='ocrx_word' id='word_1_228' title='bbox 356 2928 540 2971; x_wconf 87' lang='lat' dir='ltr'>Atticae</span> <span class='ocrx_word' id='word_1_229' title='bbox 564 2926 810 2968; x_wconf 84' lang='lat' dir='ltr'>revocandi</span> <span class='ocrx_word' id='word_1_230' title='bbox 841 2926 966 2969; x_wconf 87' lang='lat' dir='ltr'>idem</span> <span class='ocrx_word' id='word_1_231' title='bbox 992 2925 1116 2969; x_wconf 85' lang='lat' dir='ltr'>valet</span> <span class='ocrx_word' id='word_1_232' title='bbox 1139 2926 1264 2980; x_wconf 87' lang='lat' dir='ltr'>quod</span> <span class='ocrx_word' id='word_1_233' title='bbox 1288 2928 1321 2969; x_wconf 88' lang='lat' dir='ltr'>t.</span> <span class='ocrx_word' id='word_1_234' title='bbox 1348 2926 1410 2968; x_wconf 92' lang='lat' dir='ltr'>VI</span> <span class='ocrx_word' id='word_1_235' title='bbox 1439 2941 1484 2982; x_wconf 89' lang='lat' dir='ltr'>p.</span> <span class='ocrx_word' id='word_1_236' title='bbox 1510 2929 1596 2968; x_wconf 81' lang='lat'>494</span> <span class='ocrx_word' id='word_1_237' title='bbox 1621 2927 1715 2969; x_wconf 88' lang='lat' dir='ltr'>not.</span> <span class='ocrx_word' id='word_1_238' title='bbox 1742 2930 1766 2968; x_wconf 81' lang='lat'>2</span> <span class='ocrx_word' id='word_1_239' title='bbox 1795 2925 1904 2969; x_wconf 85' lang='lat' dir='ltr'>dixi.</span> 
     </span>
    </p>
   </div>
  </div>
 </body>
</html>
