2014 3158
880 765 1068 818 XLIX.

133 886 432 941 Διέσωσέ
450 907 547 950 τις
573 886 952 955 ἐμπρησμοῦ
977 884 1339 954 γενομένου
1363 885 1474 938 τὸν
1500 883 1644 938 ἑαυ-
1692 889 1812 935 RIV
1830 894 1914 934 739

132 985 245 1030 τοῦ
283 975 544 1045 πατέρα.
583 976 988 1045 πειρώμενος
1028 975 1258 1039 σώζειν
1296 972 1402 1027 καὶ
1440 975 1557 1044 τὴν
1586 973 1828 1044 μητέρα

132 1063 237 1118 καὶ
286 1072 399 1118 τοῦ
448 1073 651 1118 σῶσαι
707 1065 1026 1133 διήμαρτε
1078 1061 1185 1116 καὶ
1240 1066 1394 1127 τοὺς
1441 1062 1828 1133 ὀφθαλμοὺς

131 1155 653 1223 προσαπώλεσεν.
702 1146 1139 1221 ἐπεισήγαγεν
1192 1151 1362 1224 αὐτῷ
1417 1153 1743 1223 μητρυιὰν
1796 1151 1825 1206 ὁ

131 1245 355 1312 πατήρ.
395 1242 555 1311 αὕτη
598 1240 958 1311 δεδεμένον
1003 1241 1347 1311 φάρμακον
1394 1240 1463 1294 ἐν
1508 1250 1646 1305 τοῖς
1686 1241 1827 1311 ίμα-
1873 1262 1894 1296 ⁶

132 1334 301 1395 τίοις
346 1339 460 1385 τοῦ
505 1331 740 1393 παιδὸς
786 1328 994 1394 ἔδειξε
1041 1335 1128 1402 τῷ
1166 1331 1377 1400 πατρί.
1424 1330 1527 1383 καὶ
1574 1337 1827 1385 πυνθα-

134 1420 418 1490 νομένου
473 1427 591 1474 τοῦ
647 1420 891 1490 πατρὸς
944 1421 1156 1473 πόθεν
1209 1418 1304 1487 εἴη
1360 1419 1428 1472 τὸ
1484 1421 1828 1489 φάρμακον

252 1582 310 1625 H
374 1603 429 1618 =
455 1579 609 1625 Codex
639 1579 1095 1636 Hierosolymitanus
1129 1579 1171 1624 S.
1207 1579 1421 1636 Sepulcri
1448 1584 1531 1624 107

262 1642 307 1686 V
368 1662 425 1677 =
450 1640 710 1684 Vaticanus
742 1654 809 1698 gr.
836 1644 922 1683 940

263 1701 321 1745 Vi
371 1721 428 1736 =
454 1699 827 1745 vindobonensis
858 1698 1026 1757 philea.
1062 1700 1110 1743 et
1139 1699 1302 1756 philol.
1329 1699 1392 1743 IV
1415 1703 1471 1743 82

255 1760 345 1804 Ma
375 1781 430 1796 =
455 1759 747 1804 Matritensis
780 1763 895 1803 4679
930 1758 1104 1816 (N-49)

257 1819 310 1865 Ol
374 1841 429 1856 =
454 1817 738 1863 Bodleianus
768 1818 1097 1863 Miscellaneus
1122 1823 1223 1875 208,
1255 1818 1368 1863 olim
1401 1817 1784 1863 Claromontanus

255 1879 349 1923 Ath
374 1899 429 1915 =
455 1878 636 1923 Atheus
668 1878 846 1923 Laura-e
880 1878 922 1922 S.
956 1878 1205 1922 Athanasii
1236 1881 1280 1922 ,Ω
1307 1882 1391 1922 123

256 1939 301 1981 Β
375 1960 430 1975 =
455 1937 738 1982 Barberinus
767 1938 811 1982 H
835 1942 889 1982 41
922 1937 1091 1994 (Vaizic.
1125 1937 1260 1982 Barb.
1287 1940 1390 1994 220)

266 1998 333 2041 Va
375 2019 431 2034 =
456 1996 715 2042 Vaizicanus
746 2013 814 2055 gr.
840 2001 896 2041 82

259 2058 316 2100 M
379 2079 434 2093 =
459 2056 727 2102 Marcianus
757 2072 826 2115 gr.
851 2061 938 2100 439

261 2210 281 2248 1
291 2205 733 2308 ἀτὲτεγὸξληματικὸς
764 2204 1018 2263 στοχασμός
1046 2207 1235 2259 Μανῑώί
1300 2202 1553 2263 στοχασμὸς
1585 2205 1830 2261 ἀντεγκλη-

138 2263 350 2363 ματικός

262 2418 282 2456 1
318 2411 556 2462 ὑπόθεσις.
599 2411 719 2467 ὅρος.
762 2416 871 2458 ante
903 2414 1105 2459 Διέσωσέ
1129 2415 1221 2459 Ath
1297 2413 1418 2470 Αλλη
1451 2410 1623 2470 μελέτη.
1657 2410 1831 2457 ὑπόθε-

141 2487 223 2524 σις.
253 2472 355 2516 Mor
378 2471 446 2516 Re
507 2471 659 2516 delevi
720 2471 991 2518 Διέσωσέ-
1012 2477 1186 2527 648,10
1219 2473 1419 2530 μητρυιά
1440 2471 1710 2546 praemissm
1733 2485 1829 2516 ver-

140 2532 212 2576 bis
252 2531 415 2604 ομοιον
452 2535 516 2591 τῷ
553 2528 754 2587 παρόντι
791 2530 1018 2591 προοιμίῳ
1057 2534 1138 2577 καὶ
1179 2531 1307 2586 παρὰ
1337 2535 1399 2590 τῷ
1431 2529 1623 2590 λιβανίῳ
1657 2530 1708 2575 ἐν
1738 2533 1830 2586 (om

150 2592 254 2648 Vat)
294 2588 455 2649 ἐκείνῳ
493 2593 557 2650 τῷ
596 2592 743 2650 διπλῷ
780 2590 935 2651 τελείῳ
978 2606 1055 2636 στο
1088 2596 1217 2649 ασμῷ
1257 2591 1374 2636 citat
1411 2591 1473 2635 Io.
1514 2590 1740 2647 Doxapat.
1780 2589 1830 2633 in

142 2637 474 2695 commentario
507 2637 567 2693 a‘d
598 2637 816 2708 Hel-mog.
851 2638 916 2695 de
939 2651 1031 2695 inv.
1103 2656 1124 2694 1
1152 2651 1288 2695 Rhet.
1313 2665 1380 2706 gur
1405 2651 1439 2693 t.
1464 2649 1528 2693 ΠΙ
1552 2653 1621 2703 70,
1639 2654 1829 2702 22-71,

143 2714 168 2752 3
201 2709 273 2753 ed
305 2708 454 2752 Walz.
479 2710 594 2753 =t.
617 2708 660 2752 11
686 2713 785 2763 181,
773 2666 859 2754 g16
877 2725 944 2768 sq.
986 2711 1056 2755 ed.
1091 2708 1306 2767 Spengel
1313 2665 1446 2752 good.
1480 2708 1588 2752 Vat.
1620 2722 1687 2766 gr.
1714 2712 1829 2753 2228

142 2767 221 2813 fol.
248 2772 358 2812 209
361 2804 369 2813 .
404 2767 509 2811 Bar.
541 2782 608 2825 gr.
637 2772 720 2811 175
753 2767 832 2813 fol.
860 2773 940 2813 29
975 2772 982 2826 Ι
1017 2770 1161 2813 αὐτοῦ
1193 2768 1355 2824 Doxap
1478 2773 1504 2811 2
1537 2768 1700 2812 σώσειν
1730 2767 1832 2811 Μοι·

262 2832 288 2871 3
322 2834 464 2871 σῶσαι
487 2826 538 2870 in
559 2840 635 2870 ras
662 2827 722 2871 V'
783 2830 940 2881 σώζειν
957 2830 1012 2874 H
1031 2828 1194 2885 Doxap
1317 2832 1343 2870 4
1376 2825 1401 2871 ὁ
1426 2826 1578 2883 πατὴρ
1602 2825 1830 2882 μητρυιὰν

143 2886 304 2943 Doxap
326 2885 575 2961 Lbhmov&v
599 2887 698 2931 ΗΒ
820 2892 845 2930 5
877 2886 1144 2945 δεδεμένον]
1170 2886 1222 2931 δὲ
1246 2885 1392 2943 μόνον
1425 2886 1484 2930 Vi
1603 2890 1627 2928 7
1659 2885 1832 2935 παιδὸς

144 2946 262 2989 HVi
289 2948 295 3001 Ι
323 2962 383 2990 αν
415 2946 523 2989 ante
554 2943 624 3001 εἴη
648 2945 705 2988 H
