2014 3158
245 105 353 159 416
689 105 917 149 LIBAMI
946 91 1337 151 DECLAMATIO
1371 106 1493 151 xm

244 239 502 309 γυναῖκές
533 260 590 293 τε
622 239 712 294 καὶ
744 242 960 307 παῖδες;
992 241 1314 310 ἀγανακτεῖς
1338 242 1422 296 ὅτι
1447 243 1518 311 μὴ
1543 250 1654 313 πῦρ
1688 243 1935 297 ἀνάλωσε
2008 251 2014 318 j

244 331 347 399 τὴν
385 331 548 383 πόλιν
587 327 678 382 καὶ
718 333 926 399 κρίνεις
965 332 1269 401 ἄνθρωπον
1308 328 1377 384 δι’
1418 331 1485 385 ὃν
1523 333 1663 401 ἔχεις
1699 333 1765 385 τὰ
1804 332 1936 401 ἴδια,

244 420 310 471 τὰ
351 420 613 488 δημόσια,
653 419 719 471 τὰ
759 420 902 490 ἱερά,
942 421 1073 482 τοὺς
1111 422 1339 489 νόμους,
1386 421 1452 472 τὰ
1491 420 1656 488 ὅπλα,
1705 422 1771 474 τὰ
1809 423 1937 491 χρή-

245 527 403 576 ματα,
441 509 538 571 τὰς
569 516 852 577 γυναῖκας,
891 510 957 561 τὰ
989 508 1170 578 τέκνα,
1209 507 1356 563 τοῦτ’
1397 509 1530 562 αὐτὸ
1564 511 1624 563 τὸ
1658 510 1939 563 δύνασθαι

203 619 222 652 5
247 598 564 667 γράφεσθαι
602 595 693 650 καὶ
733 601 982 663 καθίζειν
1022 599 1302 663 δικαστάς;

358 686 443 739 29.
492 684 831 740 Ἐδέδοκτο
887 688 1005 758 γάρ
1071 701 1208 758 φησι
1262 695 1343 760 τῷ
1399 690 1575 760 δήμῳ
1626 693 1937 758 πολεμεῖν

245 779 453 839 καλῶς
492 795 561 844 γε
599 783 910 829 ποιοῦντι
949 774 1054 829 καὶ
1103 775 1295 845 δόξης
1343 776 1787 846 ἐπιθυμοῦντι
1833 775 1939 830 καὶ

248 865 362 918 οὐκ
395 864 668 917 ἀνεκτὸν
699 864 1041 937 ἡγουμένῳ
1074 865 1410 936 τυράννου
1443 875 1758 936 χορηγεῖν
1789 866 1941 936 ἡδο-

247 963 397 1017 ναῖς.
438 952 556 1006 ἀλλ’
604 954 785 1022 ὥσπερ
825 954 960 1023 ὑμῖν
998 954 1136 1025 ὑπὲρ
1178 953 1313 1024 ἐμοῦ
1352 963 1540 1023 ταῦτα,
1584 955 1760 1017 οὕτως
1798 953 1938 1025 ὑπὲρ

182 1066 225 1099 ιο
247 1043 404 1110 ὑμῶν
450 1041 570 1113 ἐμοὶ
617 1052 799 1097 ποιεῖν
846 1043 880 1096 ἃ
924 1047 1195 1112 πεποίηκα
1240 1052 1497 1114 προσῆκε.
1553 1046 1639 1098 δεῖ
1689 1046 1792 1115 γὰρ
1844 1045 1943 1098 τὸν

250 1133 426 1201 δῆμον
465 1131 696 1186 ἑκάστου
737 1142 849 1186 τῶν
878 1137 1120 1187 πολιτῶν
1150 1136 1586 1204 προβεβλῆσθαι,
1625 1141 1724 1187 τοῦ
1765 1135 1942 1204 δήμου

250 1219 311 1274 δὲ
356 1220 587 1274 ἕκαστον
634 1232 745 1275 τῶν
790 1226 1032 1276 πολιτῶν
1076 1227 1288 1290 μᾶλλον
1326 1223 1359 1292 ἢ
1405 1232 1517 1277 τῶν
1563 1223 1735 1277 αὑτοῦ
1786 1224 1943 1293 κήδε-

250 1315 400 1363 σθαι.
456 1309 765 1378 ἐπολεμεῖτε
812 1310 1026 1374 ἑκόντες
1073 1309 1210 1381 ὑπὲρ
1265 1321 1359 1382 τῆς
1415 1310 1544 1381 ἐμῆς
1592 1313 1781 1376 οἰκίας.
1836 1312 1957 1385 ἀπὸ

250 1406 345 1467 τῆς
399 1399 567 1468 αὐτῆς
615 1401 810 1453 τοίνυν
864 1401 1038 1463 οἰκίας
1091 1396 1224 1469 ἧκεν
1277 1401 1413 1470 ὑμῖν
1462 1401 1495 1470 ἡ
1547 1409 1648 1454 τοῦ
1700 1400 1943 1469 πολέμου

185 1512 226 1545 1⁵
251 1488 420 1551 λύσις.
460 1487 492 1556 ἢ
532 1491 854 1558 καθήμενον
892 1491 1005 1543 ἔδει
1044 1510 1109 1559 με
1147 1498 1368 1561 τρυφᾶν
1407 1491 1498 1544 καὶ
1534 1491 1670 1558 πρὸς
1710 1489 1946 1558 ἐμαυτὸν

253 1575 456 1645 λέγειν·
497 1578 578 1641 ὡς
618 1579 948 1648 εὐδαίμων
988 1599 1057 1648 γε
1097 1579 1126 1633 ὁ
1166 1588 1329 1643 παῖς.
1374 1580 1488 1649 ὅλη
1529 1581 1716 1642 πόλις
1754 1599 1944 1633 κακο-

253 1672 451 1719 παθεῖ
495 1665 601 1720 καὶ
647 1669 942 1737 τρίβεται
989 1669 1094 1722 καὶ
1142 1667 1527 1738 ἀπόλλυται,
1582 1669 1690 1722 ἵνα
1742 1668 1946 1738 μηδὲν

253 1762 489 1809 τοῦτον
543 1759 697 1824 μήτε
750 1761 970 1824 μεῖζον
1024 1759 1178 1827 μήτε
1232 1754 1506 1811 ἔλαττον
1561 1757 1820 1828 ἀνιάσῃ;
1879 1757 1944 1810 οὐ

255 1845 416 1913 δῆτα,
463 1843 581 1898 ἀλλ’
637 1842 796 1899 εἷπον
840 1847 980 1917 πρὸς
1028 1845 1266 1914 ἐμαυτὸν
1314 1847 1346 1900 ἃ
1394 1848 1494 1918 χρὴ
1543 1844 1632 1900 καὶ
1686 1846 1947 1915 συνεβού-

188 1957 232 1990 20
257 1937 427 1986 λευσα
466 1929 546 1987 ὧν
585 1934 686 2004 οὐχ
727 1935 987 2006 εὕρισκον
1025 1937 1244 1989 καλλίω.
1285 1936 1371 1989 30.
1409 1934 1499 1989 καὶ
1539 1936 1641 2005 γὰρ
1677 1938 1728 1988 εἰ
1759 1935 1951 2004 μηδεὶς

376 2100 401 2138 5
441 2094 559 2139 Plat.
592 2096 682 2154 leg.
715 2095 779 2139 IX
818 2112 863 2153 p.
891 2096 1030 2140 873E
1179 2101 1232 2140 13
1275 2096 1406 2141 Chor.
1439 2095 1520 2139 inf.
1562 2111 1605 2152 p.
1633 2100 1805 2152 213,11

259 2158 310 2197 17
344 2154 487 2198 Thuc.
521 2155 585 2198 VI
611 2159 679 2210 18,
701 2160 738 2198 7.
771 2155 821 2199 Il.
857 2166 894 2214 ψ
929 2160 1012 2200 735
1139 2160 1191 2199 19
1226 2155 1357 2200 Chor.
1392 2155 1472 2199 inf.
1506 2155 1591 2199 1.1.

378 2322 403 2361 6
437 2289 508 2362 ἄξι’
532 2319 669 2363 Brubr
791 2323 815 2362 9
848 2318 975 2370 λύσις
1000 2320 1136 2364 Brabr

377 2457 402 2495 2
435 2451 492 2496 τὰ
525 2450 641 2510 ἴδια]
675 2450 845 2495 παιδία
871 2452 924 2496 Ol
1045 2457 1070 2495 6
1106 2450 1297 2496 δέδοκτο
1324 2452 1382 2495 Η
1386 2450 1462 2495 VO
1492 2450 1602 2495 Fen·
1723 2454 1747 2493 7
1780 2467 1835 2507 γρ
1866 2465 1949 2494 πο-

257 2517 418 2554 νοῦντι
441 2511 490 2554 in
514 2523 649 2567 marg
672 2510 774 2554 Mor
895 2516 919 2554 9
953 2512 1153 2567 ἐμαυτοῦ
1182 2511 1231 2556 Ol
1354 2515 1406 2554 11
1441 2511 1699 2567 βεβλῆσθαι
1722 2510 1833 2552 Ferr

259 2574 312 2613 12
337 2570 419 2613 τὸν
430 2571 491 2626 (2)
503 2571 561 2615 Vi
587 2571 593 2626 Ι
621 2570 765 2613 αὑτοῦ
792 2570 956 2626 scripsi
982 2583 1006 2614 e
1026 2570 1063 2614 G
1122 2571 1264 2614 αὐτοῦ
1288 2568 1457 2624 reliqui
1481 2568 1590 2612 libri
1615 2569 1697 2613 sed
1721 2568 1951 2625 scriptura

257 2628 306 2670 in
333 2630 394 2674 Gr
423 2629 616 2684 incesta,
650 2628 740 2672 edd
769 2630 774 2685 Ι
802 2628 1037 2685 μήδεσθαι
1062 2631 1119 2674 Vi
1242 2633 1294 2672 13
1328 2629 1586 2684 ἐπολεμεῖτε
1618 2627 1783 2684 scripsi
1845 2627 1950 2672 ἐπο-

259 2689 473 2742 λεμεῖσθε
511 2687 622 2732 libri
662 2687 743 2731 sed
783 2688 1012 2743 scriptura.
1043 2688 1092 2731 in
1119 2689 1178 2734 Gr
1209 2688 1409 2742 incerta,
1442 2687 1533 2731 edd
1678 2691 1732 2730 14
1764 2687 1873 2742 ὑμῖν
1899 2685 1951 2730 ΟΖ

260 2747 342 2790 sed
372 2764 402 2791 v
427 2760 483 2790 ex
506 2764 534 2800 η
560 2760 662 2791 corr
683 2745 754 2790 m'
875 2751 929 2790 15
963 2747 1129 2791 ἑαυτὸν
1156 2747 1192 2792 Ο
1220 2746 1330 2790 Ferr
1353 2748 1401 2789 et
1424 2763 1478 2803 γρ
1502 2746 1552 2788 in
1575 2759 1710 2800 marg
1733 2745 1835 2789 Mor

262 2809 315 2848 17
360 2805 642 2864 ἐπιτρίβεται
686 2805 830 2850 (301)θῦ
872 2804 972 2849 Coll
1005 2811 1090 2849 295
1135 2809 1185 2849 at
1228 2806 1285 2850 cf.
1327 2805 1468 2849 Thuc.
1511 2807 1558 2848 et
1595 2804 1645 2848 Il.
1679 2804 1728 2848 ll.
1761 2804 1809 2847 ll.

263 2867 316 2907 18
356 2865 532 2909 τούτων
557 2865 688 2918 HV!
716 2862 822 2921 μήτ’
852 2866 915 2910 Μ
1042 2869 1096 2908 19
1129 2864 1214 2922 χρὴ
1246 2863 1431 2920 reposui
1466 2879 1489 2907 e
1517 2863 1637 2908 CrH
1642 2863 1877 2908 VLaOzM
1883 2862 1952 2906 Va

262 2924 307 2966 B
339 2925 385 2967 ot
417 2941 470 2979 γρ
503 2924 551 2966 in
582 2937 716 2980 marg
747 2923 848 2967 Mor
909 2929 1025 2980 χρῆν
1053 2924 1154 2969 CVi
1186 2924 1278 2967 edd
