2014 3158
241 132 349 184 510
678 131 906 175 LTBANII
935 130 1327 176 DECLAMATIO
1360 131 1505 177 XLIV

238 272 455 336 πλῆθος
479 267 667 320 ὅπλων
690 265 1259 336 κατασκευαζομένων,
1285 270 1579 336 συμπόσια,
1609 270 1936 337 συλλόγους,

239 359 368 418 τοὺς
409 356 756 424 διαθέοντας,
796 359 927 418 τοὺς
964 357 1384 422 κολακεύοντας,
1421 356 1600 409 πάντα
1639 356 1822 419 ἁπλῶς
1855 350 1935 409 ὧν

148 450 190 493 R
212 449 277 493 IV
298 454 384 492 495
418 446 506 498 δεῖ
525 454 640 508 τοῖς
662 444 1076 514 περιεσομένοις
1103 443 1108 515 Ι
1136 451 1236 498 τοῦ
1262 446 1464 514 δήμου;
1489 445 1575 498 56.
1595 447 1686 499 διὰ
1712 447 1778 514 δὴ
1805 454 1936 499 ταῦ-

237 553 303 586 τα
334 536 526 603 νόμοις
563 531 664 600 μὲν
696 533 1174 602 ἐπιβουλεύουσιν,
1207 533 1438 603 ἑτέρωθι
1471 534 1532 587 δὲ
1572 530 1651 588 ὧν
1684 536 1767 587 δεῖ
1797 536 1936 604 πρὸς

194 645 212 676 5
238 623 298 675 τὸ
339 620 505 692 ἔργον
545 622 890 692 ἑτοιμάζουσι
928 621 1018 675 καὶ
1058 627 1188 685 τοὺς
1226 620 1327 689 μὲν
1365 619 1575 676 ἔλαθον
1619 619 1699 676 ὧν
1739 623 1933 677 ἐπιθυ-

237 720 404 779 μοῦσι
436 711 725 780 γεγονέναι
759 713 1034 780 δεσπόται,
1067 721 1182 774 τοῖς
1214 709 1274 764 δὲ
1306 721 1638 781 καταφανεῖς
1675 711 1932 781 ἐγένοντο

237 798 362 870 παρ’
419 796 498 853 ὧν
554 801 822 870 ὥρμηντο.
877 801 950 868 μὴ
1004 803 1201 853 τοίνυν
1256 800 1289 853 ἃ
1344 809 1408 870 τῇ
1463 808 1563 854 τοῦ
1616 801 1935 870 πράγματος

238 890 404 957 φύσει
452 891 780 958 συμβαίνειν
835 895 1025 958 εἴωθε,
1080 888 1230 942 ταῦτ’
1278 889 1367 943 ἐπὶ
1413 892 1543 952 τοὺς
1594 893 1934 960 στρατηγοὺς

239 979 349 1049 δῷς
389 979 614 1047 ἰσχύειν.

170 1090 214 1121 ιο
349 1066 434 1119 57.
475 1069 600 1120 Καὶ
640 1069 755 1121 τὸν
794 1066 1008 1136 ξένον,
1049 1070 1239 1137 φησίν,
1279 1066 1655 1136 ἀπέσφαξας
1695 1067 1933 1137 φέρον-

236 1156 309 1208 τά
347 1175 406 1208 τι
446 1157 603 1224 πρὸς
640 1156 803 1225 ἡμᾶς
843 1157 1229 1225 ἀπόρρητον.
1269 1158 1515 1226 πρόσθες
1548 1156 1631 1209 ὅτι
1671 1164 1787 1209 τοῦ
1828 1158 1930 1208 νό-

235 1266 357 1312 μου
404 1253 597 1298 τοῦτο
644 1247 1046 1309 κελεύοντος.
1099 1244 1189 1298 καὶ
1229 1247 1462 1308 τούτους
1501 1245 1796 1315 ἐρώτησον,
1836 1247 1932 1298 πό-

235 1354 384 1402 τεροι
422 1335 728 1404 τυραννίδα
766 1342 1050 1402 ποιοῦσιν,
1091 1336 1148 1387 οἱ
1183 1337 1314 1396 τοὺς
1353 1335 1516 1396 ὄντας
1554 1334 1687 1400 ὑμῖν
1726 1336 1933 1402 νόμους

235 1425 503 1490 βεβαιοῦν
534 1425 777 1490 οἰόμενοι
810 1425 929 1476 δεῖν
961 1423 994 1492 ἢ
1026 1424 1228 1485 οἵτινες
1258 1425 1391 1485 τοὺς
1421 1424 1785 1490 βεβαιοῦντας
1814 1425 1931 1491 κρί-

170 1535 211 1566 15
237 1528 421 1572 νουσι;
463 1510 659 1580 γένοιτ’
708 1513 776 1564 ἄν
815 1532 868 1564 τι
906 1513 1107 1564 τούτου
1148 1513 1492 1581 καινότερον,
1532 1511 1564 1580 ἡ
1604 1508 1706 1580 μὲν
1743 1511 1930 1580 γραφὴ

235 1602 528 1668 τυραννίδι
572 1620 638 1668 με
693 1601 1052 1669 συνάρασθαί
1103 1614 1297 1670 φησιν,
1344 1600 1377 1668 ἡ
1426 1597 1485 1652 δὲ
1537 1598 1814 1663 ἀπόδειξις
1866 1599 1928 1651 τὸ

234 1693 536 1742 πεπεῖσθαί
568 1709 634 1757 με
672 1698 788 1752 τοῖς
828 1691 1018 1756 νόμοις
1065 1688 1191 1742 ἐστί.
1240 1688 1329 1742 καὶ
1377 1689 1475 1741 τὸν
1521 1689 1693 1741 αὐτὸν
1730 1689 1930 1758 τυράν-

235 1798 339 1831 νου
392 1798 450 1832 τε
505 1779 791 1848 σύμμαχον
845 1783 1075 1831 καλοῦσι
1137 1776 1228 1830 καὶ
1285 1778 1505 1846 φύλακα
1559 1787 1671 1830 τῶν
1727 1779 1929 1846 νόμων.

235 1866 346 1919 τότ’
383 1867 452 1920 ἂν
492 1869 712 1929 εἰκότως
747 1867 1060 1935 ἐκρινόμην,
1101 1865 1209 1918 τότ’
1251 1865 1320 1918 ἂν
1354 1865 1657 1934 ἐμισούμην
1689 1866 1928 1932 δικαίως,

169 1979 211 2010 20
237 1957 283 2008 εἰ
329 1957 427 2008 τόν
472 1975 529 2008 τε
576 1957 749 2022 νόμον
796 1956 955 2017 εἰδὼς
1001 1953 1091 2007 καὶ
1138 1955 1235 2008 τὸν
1283 1953 1443 2018 ξένον
1490 1953 1634 2023 ὁρῶν
1681 1955 1782 2022 τὴν
1828 1960 1928 2005 τοῦ

236 2042 396 2106 ξένου
439 2046 634 2112 φωνὴν
674 2047 989 2113 ἔμπροσθεν
1028 2040 1167 2111 ἦγον
1205 2051 1304 2096 τοῦ
1345 2045 1535 2111 νόμου.
1574 2042 1660 2095 58.
1695 2042 1836 2104 ὅλως
1868 2038 1926 2094 δὲ

357 2150 410 2189 16
444 2146 499 2188 cf.
533 2129 703 2201 ps490,
724 2150 776 2188 12

356 2239 380 2276 2
414 2231 483 2283 οἷς
509 2235 566 2277 Μ
597 2234 679 2277 sed
711 2233 761 2275 in
793 2230 857 2277 ὧν
890 2246 992 2276 corr
1020 2233 1104 2288 m²‚
1137 2233 1298 2278 ViClB
1311 2234 1379 2277 Va
1514 2237 1541 2275 4
1572 2230 1733 2287 νόμοις
1763 2230 1928 2287 scripsi

236 2293 325 2336 coll
342 2308 385 2348 p.
406 2297 505 2347 509,
520 2297 572 2335 13
637 2292 789 2343 ἄλλοις
811 2292 921 2336 libri
941 2293 1031 2335 edd
1050 2293 1153 2347 „sed
1177 2293 1335 2336 malim
1351 2300 1447 2342 τοῖς
1464 2290 1717 2348 ὁμοφύλοις
1733 2295 1816 2334 aut
1831 2296 1929 2339 τοῖς

238 2353 422 2403 οέστοῖςιι
456 2351 523 2394 Re
551 2351 556 2407 Ι
587 2350 812 2405 ἑτέρωθεν
837 2353 964 2396 BVa
1101 2356 1126 2394 6
1159 2350 1401 2408 γεγονέναι
1433 2348 1656 2395 δεσπόται
1689 2349 1815 2394 VaOl
1846 2348 1927 2391 sed

235 2412 478 2468 γεγονέναι
507 2411 631 2454 inser
666 2412 733 2455 Va
766 2413 814 2454 et
844 2411 893 2453 in
924 2425 1058 2467 marg
1086 2410 1158 2455 02²
1201 2413 1206 2465 Ι
1250 2408 1472 2454 δεσπόσαι
1495 2411 1555 2453 M
1567 2410 1623 2452 Vi
1663 2411 1670 2464 Ι
1717 2406 1927 2464 ἐγίνοντο

238 2470 290 2514 Ol
425 2475 450 2513 9
492 2472 582 2520 δῶς
610 2472 672 2514 Μ
698 2470 779 2513 sed
813 2477 846 2513 ῶ
880 2483 935 2513 ex
959 2467 984 2514 ὸ
1018 2484 1119 2513 corr
1149 2469 1233 2523 m²‚
1267 2471 1336 2513 Va
1369 2469 1450 2512 sed
1482 2485 1503 2518 ς
1534 2468 1584 2510 in
1622 2481 1697 2511 ras
1760 2467 1852 2516 δὼς
1867 2467 1928 2510 Vi

236 2530 318 2573 sed
350 2546 384 2572 ω
409 2529 454 2571 in
485 2545 508 2573 ο
531 2542 608 2572 ras
633 2542 733 2572 corr
857 2534 908 2572 11
942 2526 1153 2583 πρόσθες
1176 2555 1233 2560 -
1260 2533 1312 2571 17
1348 2524 1440 2571 ἐστι’
1470 2525 1740 2583 praemissis
1772 2524 1925 2570 verbis

235 2589 314 2631 καὶ
345 2588 430 2644 τὴν
464 2587 713 2644 ἀντίληψιν
745 2588 796 2632 δὲ
829 2587 985 2638 ἁπλῶς
1015 2587 1281 2644 εἰσήγαγεν,
1322 2587 1418 2632 ἐπεὶ
1460 2587 1536 2629 καὶ
1579 2585 1696 2641 αὐτὴ
1728 2585 1831 2641 οὐχὶ
1861 2586 1924 2627 τῶ

235 2645 473 2749 wa
491 2645 714 2750 ἐξῖμὲξῑτ·
749 2647 846 2749 {a
1202 2628 1923 2758 “fizfflzffzissassnssass‘iffi-a}-

295 2779 369 2808 om
400 2764 509 2808 libri
541 2765 632 2808 edd
674 2766 680 2822 Ι
722 2763 920 2817 πότερον
954 2765 1112 2809 ῐῙίΟῑΒ
1144 2763 1307 2820 Doxap
1438 2767 1492 2806 15
1527 2762 1586 2806 ἄν
1618 2763 1687 2806 Va
1718 2761 1800 2804 sed
1823 2757 1844 2774 ''
1873 2760 1924 2803 in

235 2838 307 2866 ras
340 2823 409 2866 m²
443 2826 450 2879 Ι
487 2824 662 2868 τούτων
694 2823 858 2879 Doxap
982 2828 1035 2866 16
1067 2821 1346 2877 τυραννίδος
1377 2822 1540 2877 Doxap
1584 2825 1589 2878 Ι
1666 2820 1715 2865 ὲν
1748 2821 1806 2865 Vi

238 2887 290 2924 17
324 2886 568 2926 πεσεῖσθαι
593 2885 638 2926 Β
699 2881 956 2927 πείθεσθαι
983 2882 1144 2937 Doxap
1269 2885 1322 2924 18
1354 2881 1566 2938 καλοῦσι]
1592 2896 1612 2924 ε
1635 2896 1713 2924 ναι
1741 2877 1925 2935 λέγουσι

238 2942 289 2985 Ol
410 2946 462 2983 21
497 2939 648 2997 φόνου
676 2941 727 2985 Ol
