2020 3146
109 100 303 145 AVARI
334 99 411 145 OB
436 97 774 144 TALENTUM
796 96 1170 143 AESCULAPIO
1196 96 1413 142 VOTUM
1436 96 1631 142 ABDIG.
1699 96 1802 150 123

105 236 214 305 ἐγὼ
255 233 357 306 μὲν
395 237 500 306 γὰρ
545 236 653 304 ἤδη
700 233 792 287 καὶ
837 231 976 304 ὑπὲρ
1023 241 1120 303 τῆς
1166 235 1342 296 οἰκίας
1389 232 1692 286 ἐδεδοίκειν
1730 233 1802 301 μὴ

103 326 199 378 καὶ
238 326 445 394 ταύτην
483 324 616 394 ἡμῖν
654 322 902 394 ἐμπρήσῃ
950 323 1010 376 τὸ
1050 330 1188 391 πῦρ,
1237 322 1424 390 ἐπειδὴ
1473 322 1667 375 ἅπτειν
1713 323 1804 374 καὶ

104 415 346 484 λύχνους
383 414 831 483 παρεκελεύοντο.
882 415 979 465 καί
1019 432 1104 475 τις
1150 407 1245 480 ἧκε
1294 412 1502 480 λύχνον
1549 414 1689 479 ἔχων
1736 410 1804 463 οὐ

107 504 246 556 κατὰ
284 505 416 565 τοὺς
456 503 724 565 εἰωθότας
755 503 842 570 δή,
881 500 998 554 ἀλλ’
1039 499 1228 570 ἐξοχὰς
1260 501 1339 563 εἰς
1369 500 1578 553 κύκλον
1610 502 1805 569 ἔχοντα

107 593 200 646 καὶ
238 594 593 661 πανταχόθεν
637 590 993 659 ἐπιζητοῦντα
1039 591 1100 643 τὸ
1146 597 1274 659 πῦρ.
1328 590 1605 658 τοσαύτην
1649 588 1804 658 ἠφίει
1852 608 1871 641 ⁵

102 682 287 750 φλόγα
342 681 415 744 ὡς
467 681 559 734 καὶ
613 681 887 749 πυρκαιὰς
933 678 938 749 Ι
989 680 1158 742 αὐτὰς
1210 684 1500 748 μιμεῖσθαι
1555 684 1629 750 τῷ
1670 682 1792 726 RIV
1810 686 1896 726 658

110 773 267 839 φωτί.
330 777 531 822 τοῦτον
584 769 716 838 ἡμῖν
764 768 1034 838 ἐμπλῆσαι
1079 768 1485 837 παρεκελεύετο.
1553 767 1637 821 12.
1686 766 1806 834 ἐμοὶ
1960 754 1966 757 ⁴

111 859 173 912 δὲ
210 860 272 912 τὸ
313 860 456 912 πολὺ
494 865 595 912 τοῦ
635 859 818 927 φωτὸς
857 857 957 922 νὺξ
996 853 1080 926 ἦν.
1134 859 1330 919 σκότος
1368 857 1472 927 γὰρ,
1514 855 1807 910 ἀντεδίδου

106 957 223 1001 τῶν
276 949 609 1016 λαμπτήρων
661 948 723 1000 τὸ
777 951 1008 1016 πλῆθος.
1069 948 1194 1000 τότε
1247 946 1350 1015 μὲν
1411 942 1516 999 οὗν
1569 944 1808 1014 ἐμαυτὸν

108 1035 424 1105 ἐβουλόμην
477 1034 768 1089 ἐπιδοῦναι
823 1042 899 1108 τῷ
953 1038 1116 1106 πυρί,
1169 1033 1240 1087 ἵν’
1296 1033 1420 1088 ἀντὶ
1466 1041 1567 1087 τοῦ
1618 1032 1808 1087 ἐλαίου
1834 1055 1876 1087 ιο

107 1129 185 1197 τῷ
224 1125 408 1197 λύχνῳ
447 1123 706 1194 γένωμαι,
747 1123 980 1194 ἐπέσχον
1019 1123 1084 1178 δέ
1118 1144 1185 1192 με
1223 1134 1335 1177 τῶν
1374 1125 1811 1192 περιεστηκότων

108 1216 171 1268 οἱ
213 1218 369 1284 φίλοι
423 1215 528 1283 ἤδη
582 1214 798 1267 τούτων
851 1213 1341 1282 ἀπαλλαγήσεσθαι
1395 1212 1664 1282 λέγοντες.
1718 1210 1809 1265 καὶ

111 1305 222 1371 ἅμα
267 1305 370 1372 τὴν
415 1312 616 1372 προῖκα
662 1311 758 1372 τῆς
804 1303 1070 1371 γυναικὸς
1114 1302 1424 1370 κατέλεγον.
1479 1301 1586 1370 ἐγὼ
1638 1299 1699 1354 δὲ
1745 1302 1811 1354 τὰ

108 1389 214 1460 μὲν
246 1393 529 1462 ἡδόμενος,
561 1394 627 1444 τὰ
660 1392 722 1445 δὲ
753 1391 1058 1461 ἀνιώμενος
1089 1389 1437 1462 ἐκαρτέρουν.
1475 1392 1542 1444 τὰ
1573 1390 1675 1460 μὲν
1706 1391 1810 1459 γὰρ

110 1481 218 1535 ἀπὸ
258 1490 354 1550 τῆς
391 1481 620 1551 προικὸς
658 1479 884 1548 ἔμελλεν
923 1480 1134 1549 ἀγαθά,
1180 1481 1247 1533 τὰ
1287 1480 1349 1533 δὲ
1386 1488 1482 1549 τῆς
1522 1481 1710 1549 ζημίας
1751 1478 1811 1532 ἐν
1837 1500 1878 1533 15

116 1570 432 1639 ὀφθαλμοῖς
462 1567 547 1639 ἦν.
582 1572 705 1623 τότε
736 1573 933 1623 τοίνυν
965 1571 1018 1623 οἱ
1050 1570 1151 1638 μὲν
1182 1571 1260 1632 εἰς
1290 1569 1499 1623 κύκλον
1530 1568 1810 1638 ἐχόρευον,

112 1660 174 1712 οἱ
209 1656 269 1712 δὲ
310 1659 648 1729 ἐνετρύφων,
689 1659 744 1712 οἱ
775 1655 838 1712 δὲ
869 1659 969 1711 τὸν
1000 1659 1242 1729 ἄκρατον
1273 1657 1663 1727 ἐνεφοροῦντο.
1703 1657 1810 1725 ἐγὼ

113 1745 177 1801 δὲ
217 1748 245 1802 ὁ
285 1749 639 1815 κακοδαίμων
676 1749 1082 1817 περιεσκόπουν
1120 1748 1360 1815 ἅπαντα,
1408 1745 1593 1810 οὐδεὶς
1639 1746 1701 1800 δὲ
1743 1743 1813 1814 ἦν

113 1846 227 1890 τῶν
282 1839 575 1906 παρόντων
630 1837 1056 1907 φιλάνθρωπος,
1110 1835 1249 1889 ἀλλὰ
1302 1846 1409 1898 πᾶς
1461 1836 1813 1904 πανταχόθεν

114 1925 468 1994 ἐλυμαίνετο,
514 1924 606 1979 καὶ
647 1925 676 1978 ὁ
716 1924 900 1994 τυχὼν
946 1924 1143 1988 ἁπλῶς.
1210 1924 1292 1978 13.
1341 1925 1517 1978 πολλὰ
1562 1922 1664 1992 μὲν
1710 1920 1814 1978 οὖν
1838 1947 1881 1979 20

113 2020 191 2086 τῷ
231 2013 510 2085 νομοθέτῃ
557 2015 948 2084 κατηρασάμην
992 2021 1092 2068 τοῦ
1143 2014 1337 2083 γάμου.
1389 2013 1456 2068 οὐ
1497 2015 1602 2084 γὰρ
1641 2016 1814 2083 πανή-

238 2225 264 2263 2
295 2220 404 2276 ὑμῖν
429 2219 530 2264 Mor
555 2222 563 2276 Ι
592 2218 690 2263 ἐπεὶ
715 2219 767 2264 δὲ
784 2220 830 2263 Β
952 2224 977 2261 3
1010 2219 1206 2278 λύχνους
1230 2219 1395 2275 scripsi
1418 2232 1444 2264 e
1461 2220 1584 2264 LaB
1646 2219 1814 2276 λύχνον

117 2279 175 2322 Η
182 2279 359 2323 VMVa
390 2279 481 2324 odd
550 2277 783 2335 scriptura
819 2279 870 2322 in
897 2279 957 2324 Gr
986 2278 1167 2323 incerta
1313 2283 1336 2321 7
1379 2275 1464 2323 οὖν
1504 2280 1612 2335 post·
1649 2285 1814 2323 τοῦτον

128 2338 199 2382 Va
233 2340 239 2394 Ι
281 2338 393 2395 ἡμῖν
425 2338 651 2395 ἐμπλῆσαι
683 2338 848 2395 scripsi
879 2352 904 2381 ο
931 2338 1299 2383 OrHVVaLaB
1362 2339 1590 2394 ἐμπλῆσαι
1621 2338 1731 2394 ἡμῖν
1759 2338 1820 2380 M

121 2396 247 2453 edd!
285 2397 648 2452 παρεκελεύοντο
683 2398 752 2441 Va
873 2401 898 2440 9
930 2396 1132 2453 ἐμαυτὸν
1165 2397 1421 2456 ἐβουλόμην
1453 2397 1620 2453 scripsi
1652 2410 1676 2440 e
1705 2397 1823 2442 OrH

130 2457 247 2500 VVa
325 2456 523 2531 ἐμαυτὸν
565 2454 875 2514 ἐβουλευόμην
899 2457 1023 2501 LaB
1100 2454 1357 2514 ἐβουλόμην
1397 2455 1597 2511 ἐμαυτὸν
1625 2458 1687 2500 Μ
1724 2456 1816 2500 edd

242 2519 297 2559 10
330 2532 409 2559 ινα
434 2517 480 2560 Β
530 2518 536 2573 Ι
585 2523 668 2559 τοῦ
700 2515 875 2559 inserui
907 2530 932 2559 e
959 2516 1197 2561 GrHVLa
1266 2529 1341 2559 om
1369 2517 1430 2560 M
1438 2517 1551 2559 VaB
1583 2515 1675 2559 edd

124 2578 177 2618 11
213 2573 258 2618 οἱ
289 2573 635 2631 περιεστηκότες
665 2582 756 2618 τῶν
789 2572 938 2631 φίλων
971 2571 1080 2619 ὅσον
1105 2576 1150 2618 Β
1274 2579 1327 2618 12
1361 2575 1438 2618 καὶ
1465 2601 1520 2607 -
1549 2579 1602 2618 13
1636 2573 1815 2618 κατέλε-

122 2649 208 2690 γον
238 2633 415 2677 inserui
447 2647 472 2677 e
497 2633 620 2678 LaB
653 2634 736 2677 sed
775 2633 824 2677 in
863 2634 953 2678 hoo
983 2633 1033 2676 in
1063 2647 1198 2690 marg
1274 2648 1348 2678 om
1376 2633 1491 2679 CrH
1498 2634 1595 2678 VM
1607 2635 1675 2678 Va

127 2696 180 2735 17
218 2694 347 2749 „fort
381 2691 427 2737 οἱ
459 2693 510 2736 δὲ
543 2694 781 2751 βρώμασιν
813 2694 899 2749 (vel
926 2694 1072 2737 simile
1096 2693 1223 2749 quid)
1249 2693 1541 2748 ἐνετρύφων“
1576 2693 1644 2735 Re
1676 2693 1726 2736 at
1757 2692 1814 2735 cf.

121 2765 167 2807 p.
188 2755 273 2794 124
301 2755 354 2795 19
382 2754 389 2807 Ι
417 2751 462 2795 οἱ
486 2752 538 2796 δὲ
569 2752 651 2796 τὸν
675 2778 732 2784 -
757 2752 1068 2808 ἐνεφοροῦντο
1099 2751 1370 2807 praemissis
1401 2751 1553 2796 verbis
1586 2753 1817 2807 ἐμφοροῦ-

121 2826 205 2866 μαι
237 2786 312 2855 ἐπὶ
341 2809 559 2868 πόματος.
594 2810 819 2867 Λιβάνιος
844 2811 962 2854 citat
985 2811 1127 2854 Andr.
1155 2811 1329 2867 Lopad.
1356 2811 1444 2854 lex.
1471 2811 1608 2854 Vind.
1636 2826 1679 2867 p.
1700 2815 1771 2863 56,
1792 2815 1813 2852 1

124 2868 198 2913 ed.
230 2869 400 2913 Nauck
522 2874 577 2913 20
613 2871 818 2925 „videtur
850 2870 1079 2926 ἄπληστος
1110 2871 1370 2926 leyendum“
1407 2870 1474 2914 Re
