2014 3158
205 110 313 163 680
615 108 820 167 [LIBAN
820 109 882 167 Π]
915 108 1307 153 DECLAMATIO
1341 108 1484 152 XLIX

204 245 274 298 δὲ
314 244 646 314 δυναμένη
684 246 846 311 πρὸς
882 245 998 299 τὸν
1037 246 1311 314 ἔλεγχον
1350 247 1725 314 χρήσασθαι
1763 265 1903 300 τεκ-

202 336 478 403 μηρίοις.
519 328 616 397 οἷς
654 335 773 404 γὰρ
815 335 974 403 αὐτὴ
1016 333 1467 403 διεπραξάμην
1514 334 1902 402 ἐπιβουλεύ-

204 437 392 490 ουσα,
446 423 708 485 τούτοις
755 425 914 476 κατὰ
959 431 1074 476 τοῦ
1121 424 1360 487 παιδὸς
1406 426 1744 493 χρήσομαι.
1797 424 1903 476 καὶ

204 513 314 565 διὰ
359 522 486 565 τῶν
533 512 747 565 αὐτῶν
794 512 955 581 ὁμοῦ
1004 509 1122 579 μὲν
1177 511 1436 566 ἐκεῖνον
1483 515 1718 582 ἔνοχον
1769 511 1903 566 ἐπι-

161 601 531 670 ῡδείξομεν,
571 601 731 668 ὁμοῦ
773 598 842 654 δὲ
880 602 996 669 τὴν
1036 601 1228 670 δίκην
1269 601 1781 671 διαφευξόμεθα.

317 689 402 743 59.
452 690 677 743 Τούτων
715 686 819 744 οὖν
858 690 1002 742 οὕτω
1050 689 1510 757 βεβουλευμένων
1554 690 1621 743 τὰ
1657 691 1760 758 μὲν
1796 692 1903 760 ἤδη

205 779 566 847 κατώρθωσε,
606 779 672 831 τὰ
719 776 780 831 δὲ
825 781 1173 847 προσθήσειν
1219 779 1506 848 ὑπείληφε.
1561 780 1908 850 φάρμακον

207 874 371 937 γοῦν
409 865 573 938 ἔχων
613 867 984 938 ἐφωράθης,
1025 869 1178 937 φησί,
1219 866 1309 920 καὶ
1352 862 1434 930 οἷς
1475 867 1545 921 ἂν
1583 867 1699 921 κατ’
1737 870 1907 937 αὐτῆς

206 978 290 1021 τις
327 959 608 1026 χρήσαιτο,
647 965 819 1010 ταῦτα
857 956 983 1010 καθ’
1025 958 1182 1025 ἡμῶν
1219 956 1529 1027 προφέρειν
1569 963 1739 1011 οἴεται
1771 958 1907 1011 δεῖν.

143 1070 184 1103 ιο
207 1048 269 1100 τὸ
309 1045 410 1113 μὲν
457 1042 562 1099 οὗν
609 1046 872 1099 δεδέσθαι
919 1046 1215 1114 φάρμακον
1262 1044 1325 1099 ἐν
1377 1054 1492 1108 τοῖς
1533 1047 1766 1112 ἱματίοις
1805 1047 1910 1100 οὐκ

209 1135 279 1188 ἂν
319 1135 641 1204 ἀρνηθείην,
682 1134 767 1187 ὅτι
807 1132 858 1186 δ’
896 1133 954 1187 ἐκ
991 1135 1193 1204 ταύτης
1232 1134 1430 1203 γέγονε
1468 1135 1531 1188 τὸ
1565 1137 1908 1205 σκευώρημα,

208 1225 503 1292 πρόδηλον.
556 1224 588 1292 ἡ
628 1221 730 1292 μὲν
768 1224 872 1292 γὰρ
912 1231 1075 1277 τοῦτο
1117 1230 1191 1295 τῷ
1231 1224 1398 1294 πατρὶ
1438 1227 1837 1292 κατεμήνυσεν,
1877 1224 1911 1278 ὁ

210 1313 272 1366 δὲ
310 1320 639 1381 παραχρῆμα
678 1314 779 1381 τὴν
819 1312 1121 1380 ἐπιβουλὴν
1158 1313 1430 1381 ὑπενόησε
1465 1311 1556 1365 καὶ
1597 1314 1670 1376 ὡς
1710 1313 1909 1382 ἐρωτή-

211 1417 408 1464 σαντος
446 1403 625 1455 πόθεν
670 1407 754 1469 εἴη
801 1402 863 1455 τὸ
905 1401 1199 1471 φάρμακον
1247 1400 1527 1469 ἐσιώπησα
1574 1402 1666 1455 διὰ
1705 1404 1911 1456 τούτου

332 1568 386 1606 14
421 1562 652 1622 [Quintil]
688 1561 803 1606 decl.
829 1563 871 1606 Π
903 1567 927 1616 ξ
954 1566 980 1607 5
1012 1577 1058 1619 p.
1087 1567 1158 1617 24,
1179 1567 1233 1606 12

332 1701 358 1740 8
402 1696 460 1741 τὰ
504 1695 661 1741 εἰκότα
707 1704 799 1741 τῶν
842 1693 925 1740 ἀπ’
974 1697 1120 1753 ἀρχῆς
1164 1695 1395 1752 (ἀπαρχῆς
1430 1695 1559 1753 Μαθ)
1603 1696 1712 1753 ἄχρι
1751 1694 1913 1747 τέλους

214 1757 477 1802 MrubrMass
536 1755 594 1799 τὰ
627 1752 714 1799 ἀπ’
750 1757 894 1813 ἀρχῆς
925 1755 1031 1813 ἄχρι
1062 1755 1219 1805 τέλους
1253 1755 1299 1808 ἐξ,
1332 1754 1615 1807 ἀντιθέσεως
1640 1757 1685 1800 Β
1821 1759 1846 1798 9
1878 1755 1907 1812 ἡ

212 1813 576 1932 ἐέζιὶᾗῗέςόἓέ
610 1816 757 1872 ἀρχῆς
787 1815 892 1872 ἄχρι
924 1815 1082 1865 τέλους
1113 1815 1159 1867 ἐξ
1194 1812 1475 1865 ἀντιθέσεως
1507 1814 1589 1858 διὰ
1621 1811 1914 1871 μεταθέσεως

336 2015 356 2051 1
392 2008 657 2066 χρήσασθαι
688 2008 852 2064 scripsi
884 2021 909 2051 e
937 2007 1177 2052 MaOZAth
1238 2007 1588 2065 διαχρήσασθαι
1617 2008 1724 2052 HV
1748 2006 1830 2050 sed.
1861 2005 1912 2049 in

213 2068 303 2112 hoc
327 2071 407 2113 δια
432 2081 534 2111 eras
594 2070 800 2124 χρῆσθαι
824 2068 925 2111 ViB
939 2067 1070 2111 VaM
1092 2066 1181 2110 edd
1212 2067 1219 2122 Ι
1246 2073 1343 2117 τοῖς
1368 2068 1477 2109 ante
1501 2063 1763 2122 τεκμηρίοις
1786 2065 1916 2109 inser

218 2127 329 2172 Ma*
449 2132 474 2169 2
507 2126 873 2184 ἐπιβουλεύσασα
908 2127 963 2170 Vi
1095 2131 1120 2168 3
1153 2124 1381 2183 χρήσομαι
1415 2126 1513 2182 (sed
1546 2142 1605 2181 ομ
1634 2125 1685 2168 in
1715 2138 1791 2168 ras
1822 2123 1908 2180 ωδ)

215 2215 335 2260 κατὰ
365 2223 448 2259 τοῦ
481 2216 579 2272 (sed
610 2232 636 2259 τ
665 2215 715 2258 in
745 2229 822 2258 ras
854 2215 939 2271 m³)
972 2212 1142 2266 παιδός
1169 2216 1257 2258 Μα
1379 2219 1405 2256 4
1441 2199 1733 2269 ἐπιδείξομέιῗ
1764 2213 1852 2257 Μα

217 2273 506 2330 ἐπιδείξομαι
534 2275 585 2320 Ol
643 2273 950 2330 ὑποδείξομεν
972 2275 1099 2318 BVa
1161 2271 1391 2326 ἀποδείξω
1417 2274 1476 2317 Vi
1500 2273 1580 2317 sed
1605 2270 1915 2328 ὑποδείξομεν

215 2334 265 2378 in
296 2349 429 2392 marg
458 2334 528 2377 m²
671 2339 696 2376 5
738 2334 968 2390 φεύξομαι
1002 2334 1058 2376 Vi
1089 2333 1169 2377 sed
1211 2331 1567 2387 διαφευξόμεθα
1599 2332 1647 2374 in
1679 2345 1813 2388 marg
1843 2329 1918 2374 m*

337 2398 361 2436 6
395 2392 477 2449 μὲν
511 2394 567 2437 Vi
598 2392 679 2436 sed
712 2390 798 2436 οὖν
830 2393 879 2435 in
911 2406 1045 2447 marg
1075 2392 1144 2434 m²
1171 2391 1360 2452 [οὕτως
1385 2389 1795 2436 HVViMaClAth

217 2456 244 2496 8
277 2450 362 2496 οὖν
388 2453 489 2496 HV
536 2454 543 2509 Ι
593 2448 698 2496 κατ’
734 2452 877 2506 αὐτῆς
908 2451 968 2494 ἄν
999 2468 1067 2501 τις
1103 2453 1158 2494 Vz·
1220 2451 1281 2494 ἄν
1313 2468 1381 2502 τις
1412 2449 1515 2494 κατ’
1553 2451 1695 2507 αὐτῆς
1719 2449 1914 2494 HVAth

217 2512 287 2555 Re
409 2516 434 2554 9
465 2509 747 2566 προσφέρειν
774 2511 860 2554 Ma
893 2511 974 2554 sed
1008 2524 1032 2553 σ
1064 2524 1165 2553 eras
1289 2514 1344 2552 10
1376 2510 1425 2552 τὸ
1453 2511 1561 2552 ante
1586 2508 1835 2565 φάρμακον
1856 2509 1919 2552 Μ

341 2575 391 2613 11
428 2569 498 2613 ὅτι
523 2597 578 2603 -
611 2575 664 2613 12
696 2567 932 2623 πρόδηλον
963 2569 1233 2625 praemissis
1266 2568 1417 2611 verbis
1451 2569 1722 2624 σκευώρημα
1752 2568 1780 2623 ἡ
1813 2567 1912 2611 ἐπι-

220 2628 372 2688 βουλή.
408 2629 631 2687 Λιβάνιος
670 2629 786 2671 citat
817 2629 958 2671 Andr.
997 2629 1166 2684 Lopad.
1201 2628 1285 2671 lex.
1324 2628 1522 2670 Vindob.
1557 2642 1591 2670 s.
1623 2641 1665 2670 v,
1700 2632 1916 2679 σκευωρῶ

219 2704 263 2745 p.
292 2694 389 2734 164.
411 2694 464 2731 15
491 2689 561 2732 ed.
589 2687 755 2731 Nauck
782 2690 787 2742 Ι
817 2688 867 2730 δὲ
892 2688 1058 2730 HVVz·
1084 2687 1243 2742 Lopad
1271 2689 1276 2743 Ι
1307 2687 1355 2731 ἐκ
1381 2701 1455 2730 om
1483 2688 1615 2740 HV1
1644 2685 1913 2740 σκαιώρημα

221 2749 312 2791 Ma
343 2748 424 2790 sed
457 2763 507 2791 ευ
541 2761 680 2802 supra
713 2764 761 2789 αι
792 2746 874 2798 m⁸‚
911 2747 962 2789 Ol
993 2746 1051 2789 cf.
1083 2761 1130 2802 p.
1156 2750 1323 2799 663‚7;
1366 2750 1465 2797 664,
1487 2751 1563 2799 1();
1605 2749 1749 2799 681,2
1783 2745 1830 2786 et
1862 2747 1914 2797 9;

221 2810 416 2859 683,13;
451 2810 616 2859 686,6;
651 2810 794 2857 687‚9
827 2808 874 2848 et
908 2810 983 2857 143
1018 2810 1192 2860 691‚15
1226 2807 1273 2847 et
1298 2806 1357 2847 ad
1381 2819 1425 2860 p.
1454 2809 1554 2857 325,
1575 2810 1628 2848 15
1752 2807 1806 2845 12
1830 2803 1914 2856 δῆ-

222 2867 302 2908 λον
333 2865 493 2920 Lopad
522 2869 527 2922 Ι
555 2866 698 2908 τούτω
734 2865 790 2909 Vi
911 2868 965 2906 13
996 2863 1081 2919 τὴν
1114 2878 1189 2907 om
1215 2865 1273 2908 H
1327 2864 1452 2906 inser
1485 2863 1544 2906 V²
1571 2865 1576 2919 Ι
1604 2861 1824 2917 ἐπενόησε
1858 2862 1916 2905 Vi

225 2925 466 2968 MaOlAth
588 2928 642 2967 14
675 2923 922 2966 διατούτου
949 2924 994 2966 Β
