2014 3158
339 107 747 152 PHILADELPHI
777 99 1202 152 ABDICATIONIS
1231 107 1472 152 ΡΕΤΙΤΙΟ
1655 109 1723 160 61
1735 108 1761 160 1

184 249 446 297 Librorum
475 249 742 298 memoriae
774 250 827 296 in
858 250 951 297 hac
982 248 1341 298 declamatione
1375 249 1616 298 tradenda
1646 249 1766 296 fides

72 325 126 372 in
157 325 442 373 universum
473 324 634 372 maior
658 327 733 372 est
756 338 907 386 quam
930 325 982 370 in
1006 323 1256 386 plerisque
1282 323 1407 386 aliis,
1440 339 1599 386 neque
1622 326 1767 372 tanta

73 400 207 446 inter
242 400 504 460 utramque
543 398 788 446 familiam
834 397 1059 445 lectionis
1108 397 1440 460 discrepantia
1488 400 1676 460 quanta
1713 399 1766 445 in

73 472 190 529 illis,
223 472 307 522 sed
337 472 419 520 hic
451 488 647 535 quoque
687 472 864 535 prioris
904 472 1127 519 familiae
1165 474 1317 534 paulo
1357 473 1516 521 maius
1554 475 1629 521 est
1657 489 1765 534 pre-

74 546 202 595 tium
235 562 385 609 quam
417 547 638 608 alterius,
671 562 784 595 cum
815 545 915 594 Ath
946 546 1188 594 nonnulla
1219 549 1501 608 novaverit,
1539 548 1582 594 B
1616 547 1767 595 etiam

74 621 220 683 plura
251 622 485 669 omiserit.
1174 620 1177 621 ⁷

187 695 495 744 Declamatio
528 696 579 742 in
610 695 768 743 lucem
799 696 1057 756 protracta
1098 697 1171 743 est
1211 711 1339 743 anno
1378 697 1515 743 1517
1553 695 1768 743 editione

75 770 452 818 Ferrariensi
485 763 579 836 (=
605 765 746 835 Ferr)
779 770 864 817 fol.
896 770 1162 818 71ν--8οῩ
1194 785 1318 831 quae
1352 786 1376 817 e
1406 769 1768 818 Wolfenbutte-

75 844 190 907 lano
223 843 388 893 codice
418 844 598 906 prioris
629 843 852 892 familiae
875 843 1031 891 fiuxit.
1079 844 1222 892 Hanc
1245 846 1559 906 paucissimis
1584 860 1642 891 ex
1669 844 1768 892 alio

76 918 255 979 codice,
288 918 372 980 qui
395 919 443 965 P
467 919 620 966 fuisse
643 918 857 980 videtur,
889 920 1120 967 correctis
1152 920 1389 980 repetivit
1401 913 1442 985 1)
1470 934 1598 966 anno
1626 920 1766 967 1616

74 993 359 1041 Morellus
406 992 515 1041 Lib.
556 1009 668 1055 opp.
707 995 743 1040 t.
775 992 801 1040 I
845 1009 892 1055 p.
932 993 1221 1042 862—881
1274 986 1371 1060 (=
1397 987 1542 1060 Mor).
1605 992 1768 1040 Huius

76 1066 308 1115 editionis
339 1067 517 1115 menda
539 1067 676 1115 haud
706 1082 868 1130 pauca
897 1068 1156 1116 immemor
1179 1068 1507 1116 Ferrariensis
1541 1084 1654 1115 cum
1678 1084 1770 1130 ope

76 1141 257 1190 codicis
291 1141 735 1190 Wolfenbuttelani
778 1144 886 1190 tum
927 1157 985 1189 ex
1016 1142 1217 1206 ingenio
1258 1144 1456 1190 sanavit
1486 1142 1768 1190 Reiskius

0 1223 3 1225 ’
79 1209 172 1282 (=
197 1213 309 1282 Re),
342 1216 427 1265 sed
457 1232 580 1264 uxor
612 1217 716 1264 eius
743 1232 870 1278 quae
903 1216 1170 1265 editionem
1198 1210 1254 1284 (t.
1279 1217 1352 1264 IV
1376 1233 1423 1279 p.
1452 1210 1767 1281 687-707)

76 1291 273 1338 curavit
302 1306 401 1338 non
433 1306 601 1339 omnes
640 1291 811 1338 mariti
850 1291 1222 1339 emendationes
1261 1293 1314 1338 in
1353 1293 1492 1339 textu
1531 1293 1767 1354 reposuit.

0 1427 4 1430 ι
187 1365 355 1413 Pauca
387 1365 450 1412 ad
480 1367 675 1413 textum
710 1365 1057 1429 corrigendum
1098 1366 1417 1415 contulerunt
1448 1366 1534 1413 Fr.
1565 1366 1770 1414 Iacob-

77 1440 203 1487 sius
234 1455 347 1488 cum
378 1439 496 1486 alibi
530 1443 637 1487 tum
667 1441 720 1487 in
755 1433 1183 1507 ‘Lectionibus’2),
1215 1443 1264 1488 et
1297 1439 1568 1489 Cobetus.

200 1598 241 1652 1)
275 1595 416 1652 φήσιν
455 1610 540 1653 pro
573 1596 716 1653 φύσιν
747 1611 773 1642 6
804 1597 916 1640 Fen·
946 1597 1026 1641 fol.
1055 1602 1141 1652 ΠΥ,
1160 1601 1186 1640 8
1226 1597 1275 1640 in
1307 1597 1409 1641 Mor
1445 1612 1492 1654 p.
1517 1601 1618 1652 873,
1637 1601 1692 1641 34
1725 1597 1771 1641 et

0 1691 3 1700 ,
77 1668 134 1699 ex
164 1655 253 1699 hac
284 1656 333 1698 in
365 1655 432 1699 Re
464 1671 508 1712 p.
537 1660 636 1711 698,
657 1661 712 1700 24
743 1656 946 1700 transiit.

197 1718 241 1771 2)
275 1713 342 1759 Cf.
374 1716 407 1758 t.
433 1716 454 1758 I
484 1731 529 1772 p.
558 1720 611 1759 77
646 1718 693 1759 et
723 1715 766 1760 V
795 1731 842 1772 p.
870 1720 968 1761 198.

1321 3009 1410 3051 39*
