2020 3146
235 93 307 145 50
650 93 879 138 LIBANII
908 94 1299 140 DEGLAMATIO
1331 95 1501 140 XXXII

231 231 389 292 πόλις
427 227 616 298 ἐποίει,
657 229 685 283 ὁ
725 231 828 299 μὲν
866 232 1063 299 γείτων
1101 229 1407 283 ἐκάθευδεν
1446 230 1515 284 ἄν
1552 230 1643 284 καὶ
1685 232 1848 286 ὑετὸν
1886 233 1922 302 ἢ

231 318 399 387 κρύος
445 318 567 371 ἀντὶ
612 327 707 387 τῆς
752 318 947 389 ἀργίας
999 319 1252 386 ἐμποδὼν
1306 313 1447 372 εἶναι
1496 322 1676 388 φήσας
1727 320 1920 392 ὑπερε-

231 409 428 476 φρόνει
466 418 588 460 τοῖν
628 409 790 461 δυοῖν
828 407 1053 477 ὀβολοῖν
1090 409 1181 461 καὶ
1214 411 1538 478 σεμνότερος
1577 404 1646 477 ἦν
1683 418 1796 463 τῶν
1827 413 1919 464 νό-

228 515 372 564 μων,
427 495 547 563 ἐμοὶ
594 493 656 549 δὲ
704 494 835 550 οὐδὲ
881 497 1055 559 ὕπνος
1109 495 1262 567 ἐπῄει
1308 495 1427 550 οὐδ’
1482 493 1551 566 ἦν
1597 499 1662 550 τὰ
1709 498 1768 551 ἐκ
1817 506 1919 553 τοῦ

138 588 258 633 RIV
275 593 358 632 831
409 586 653 655 οὐρανοῦ
687 586 842 639 δεινὰ
877 586 883 654 Ι
920 587 1271 656 φοβερώτερα
1302 594 1402 639 τοῦ
1433 587 1506 655 μὴ
1539 589 1747 656 λαβεῖν,
1780 587 1920 640 ἀλλὰ

183 694 202 726 6
227 673 411 743 μέσων
456 685 677 727 νυκτῶν
724 675 960 737 ἀναστὰς
1007 674 1327 744 ἐφεστήκειν
1373 674 1442 727 ἂν
1482 682 1556 747 τῷ
1601 675 1918 743 διανέμοντι

225 763 317 815 καὶ
354 764 489 816 κατὰ
530 764 735 832 σχολὴν
779 763 1081 833 τάργύριον
1127 768 1588 833 καταρνθμηθείς,
1636 765 1766 835 ὅπερ
1816 765 1918 819 οὐκ

226 850 295 903 ἂν
333 850 539 920 ὑπῆρξε
578 853 711 921 μετὰ
749 855 988 915 πολλοὺς
1027 851 1348 920 ἐληλυθότι,
1395 851 1534 906 ἀλλὰ
1579 853 1918 924 προέρριψεν

225 939 295 992 ἂν
334 938 393 993 ἐν
433 948 508 1012 τῷ
542 942 684 1013 ὄχλῳ
723 942 784 993 τὸ
825 942 1021 1010 ἥμισυ,
1063 941 1259 1012 ἀπῄειν
1298 942 1485 994 οἴκαδε
1524 943 1584 995 τὸ
1623 950 1736 996 πᾶν
1775 939 1917 1012 ἔχων

157 1050 200 1081 10
223 1027 315 1082 καὶ
353 1031 487 1100 πρίν
525 1049 648 1082 τινα
686 1036 986 1098 κινηθῆναι
1025 1039 1120 1099 τῆς
1158 1030 1322 1099 εὐνῆς
1360 1031 1392 1098 ἡ
1431 1031 1660 1098 κιβωτὸς
1699 1025 1809 1100 εἶχε
1839 1032 1914 1084 τὼ

223 1115 309 1171 δύ’
357 1118 552 1184 ὀβολώ.
592 1118 735 1172 θέαν
776 1117 823 1170 δ’
871 1119 973 1172 οὐκ
1013 1118 1082 1172 ἂν
1120 1116 1195 1172 ἔτ’
1241 1118 1539 1189 ἐπριάμην,
1583 1118 1697 1172 ἀλλ’
1746 1121 1914 1190 ἐρρῶ-

223 1213 358 1260 σθαι
398 1208 612 1276 φράσας
651 1214 725 1280 τῷ
759 1207 1098 1278 ἀρχιτέκτονι
1135 1207 1227 1261 καὶ
1265 1214 1341 1278 τῷ
1381 1218 1592 1277 σεμνῶς
1627 1213 1914 1276 καθῆσθαι

222 1293 503 1364 θεώμενος
542 1295 710 1358 ἑστὼς
751 1295 1005 1366 ἐθεώμην
1049 1299 1374 1367 παρενείρας
1418 1314 1527 1350 που
1575 1305 1691 1360 τοῖς
1735 1300 1912 1364 μετοί-

221 1404 337 1446 κοις
384 1384 620 1452 ἐμαυτὸν
669 1385 703 1454 ἢ
749 1394 864 1448 τοῖς
915 1384 1106 1448 ξένοις.
1159 1385 1252 1439 καὶ
1300 1386 1475 1448 οὕτως
1519 1386 1552 1455 ἡ
1599 1385 1789 1456 τέρψις
1841 1382 1913 1455 ἦν

154 1493 195 1527 15
220 1472 321 1525 οὐκ
362 1472 600 1526 ἐλάττων
638 1473 729 1526 καὶ
768 1473 1069 1543 τάργύριον
1107 1474 1288 1528 πλέον.
1340 1474 1422 1538 17,
1461 1476 1668 1543 ταύτην
1705 1495 1767 1543 γε
1807 1471 1912 1528 οὖν

218 1562 319 1629 τὴν
355 1563 638 1629 πρόσοδον
677 1562 820 1615 οὕτω
862 1562 1232 1632 συνελεξάμην
1270 1564 1359 1615 καὶ
1400 1560 1471 1615 ἔτ’
1519 1562 1911 1633 ἀκριβέστερον

217 1651 312 1711 τὰς
351 1650 561 1718 λοιπάς,
600 1652 699 1704 τὸν
739 1652 1056 1704 δικαστικὸν
1095 1653 1321 1720 μισθόν,
1361 1653 1458 1705 τὸν
1497 1660 1591 1720 τῆς
1624 1651 1910 1720 ἐκκλησίας

217 1736 306 1790 καὶ
348 1739 414 1792 ὃν
453 1746 559 1791 νῦν
597 1739 769 1808 ὑμεῖς,
809 1738 850 1794 ὦ
891 1741 1165 1809 μακάριοι,
1206 1742 1464 1808 λήψεσθε.
1505 1740 1571 1794 οὐ
1604 1741 1708 1809 γὰρ
1742 1743 1907 1809 ἔστιν,

217 1827 318 1879 οὐκ
370 1825 523 1880 ἔστιν
578 1829 668 1881 ὅτε
730 1830 969 1893 δικάζειν
1031 1829 1423 1899 κληρουμένων
1479 1838 1591 1882 τῶν
1653 1832 1908 1899 φυλετῶν

149 1939 192 1971 20
217 1914 564 1985 ἀπελείφθην
604 1916 709 1985 ἐγὼ
751 1917 811 1970 ἐν
850 1918 951 1986 μὲν
990 1923 1062 1989 τῷ
1095 1918 1360 1980 πολλάκις
1397 1922 1743 1988 κληροῦσθαι
1781 1922 1908 1971 πολ-

336 2096 387 2134 11
424 2091 479 2134 cf.
514 2092 575 2135 ad
606 2093 640 2136 t.
665 2091 730 2136 VI
753 2096 896 2148 410‚1
1023 2097 1076 2137 18
1110 2093 1167 2137 cf.
1202 2108 1249 2150 p.
1276 2097 1413 2148 52‚1;
1446 2097 1561 2147 5⁷‚4

335 2257 359 2295 2
393 2252 543 2308 φήσας
577 2256 645 2298 Va
677 2255 759 2297 sed
791 2271 826 2310 φ
859 2254 907 2298 in
938 2269 1013 2298 ras
1045 2255 1114 2298 m²
1234 2260 1262 2300 4
1294 2251 1400 2300 οὐδ’
1429 2256 1474 2298 Β
1607 2258 1631 2296 6
1664 2253 1802 2309 μέσον
1835 2256 1905 2299 Va

218 2311 223 2369 Ι
259 2311 547 2366 ἐφειστήκειν
573 2314 705 2359 GzVa
861 2319 884 2357 7
928 2314 1048 2358 κατὰ
1088 2314 1255 2371 σχολὴν
1294 2314 1459 2370 scripsi
1497 2327 1552 2357 ex
1579 2314 1637 2358 H
1641 2314 1758 2357 VaB
1799 2327 1904 2357 cum

214 2369 387 2414 Cobeto
419 2371 537 2414 Mise
570 2377 653 2415 143
687 2371 787 2416 Gon
818 2378 904 2416 303
966 2374 1256 2431 κατασχολὴν
1287 2374 1474 2418 VMaGl
1502 2373 1570 2416 Re
1597 2374 1603 2428 Ι
1631 2372 1903 2428 ἀπαριθμη-

211 2430 319 2480 θεὶς
351 2431 420 2474 Va
452 2433 500 2474 et
530 2431 580 2473 in
610 2431 686 2474 lac
710 2433 754 2474 B
816 2431 1171 2488 καταριθμήσας
1196 2432 1396 2477 Cobetus
1517 2436 1542 2475 8
1574 2429 1695 2474 κατὰ
1720 2432 1788 2475 Va
1821 2431 1902 2475 sed

211 2487 324 2544 μετὰ
356 2503 571 2546 suprascr
601 2490 670 2532 m²
697 2492 703 2547 Ι
730 2493 926 2542 πολλοὺς
959 2493 1076 2536 VaB
1109 2492 1190 2536 sed
1223 2499 1287 2536 ῶν
1321 2505 1535 2547 suprascr
1567 2489 1730 2534 Va²B²
1756 2493 1761 2545 Ι
1789 2506 1902 2546 προ-

211 2546 402 2603 έρριψεν
428 2548 592 2604 scripsi
653 2549 965 2604 προσέρριψεν
989 2550 1099 2594 libri
1118 2551 1184 2594 Re
1245 2550 1563 2606 παρερρύησεν
1581 2549 1743 2592 Iacobs
1762 2548 1903 2592 Schul

332 2611 386 2650 10
418 2613 499 2663 τῆς
530 2608 666 2662 εὐνῆς
695 2608 869 2651 inserui
902 2623 926 2652 c
957 2611 1072 2654 VaB
1105 2611 1190 2654 sed
1220 2609 1269 2652 in
1301 2611 1390 2653 hoc
1420 2609 1545 2652 inser
1573 2606 1643 2650 m²
1703 2621 1778 2651 om
1802 2609 1908 2653 HV

212 2666 359 2710 Maoz
389 2665 457 2709 Re
485 2672 490 2721 ζ
518 2666 546 2721 ἡ
571 2667 766 2723 κιβωτὸς
797 2664 888 2725 εἶχε
921 2668 1085 2724 scripsi
1117 2668 1209 2712 coll
1239 2684 1284 2725 p.
1311 2673 1380 2722 27,
1403 2673 1457 2711 12
1475 2681 1542 2722 sq.
1566 2694 1568 2697 f
1604 2664 1744 2716 αὐτὸς
1775 2663 1901 2723 εἶχον

212 2724 483 2769 MaClVaB
559 2741 628 2774 τις
666 2721 757 2782 εἶχε
781 2726 887 2770 HV
912 2727 978 2770 Re
1055 2728 1083 2784 ἡ
1116 2726 1246 2784 κίστη
1287 2724 1378 2784 εἶχε
1416 2726 1578 2770 Iacobs
1615 2725 1728 2769 Lect
1760 2725 1902 2769 Schul

330 2788 382 2827 11
417 2781 463 2827 δ’
499 2784 623 2827 inser
655 2784 747 2828 Va²
870 2790 922 2828 12
954 2787 1109 2844 τῷ(2)]
1140 2786 1191 2830 τὸ
1217 2787 1396 2830 HVVa
1427 2785 1509 2829 sed
1540 2784 1590 2827 in
1620 2784 1708 2828 hoc
1741 2784 1764 2828 ὸ
1789 2784 1838 2828 in
1864 2791 1899 2828 ῶ

210 2855 311 2886 corr
455 2847 510 2886 14
550 2838 609 2899 ἦν
640 2856 733 2886 non
766 2845 874 2886 ante
907 2845 1013 2899 οὐκ,
1047 2845 1129 2888 sed
1159 2847 1266 2901 post
1299 2844 1496 2889 ἐλάττων
1521 2845 1610 2888 Μα
1679 2859 1712 2868 ’r
1755 2847 1809 2886 15
1849 2859 1899 2899 γε

209 2901 374 2958 scripsi
435 2917 482 2945 τε
513 2901 622 2945 libri
653 2901 720 2945 Re
845 2907 897 2945 17
929 2903 1082 2960 τὸν(1)
1115 2917 1190 2947 om
1223 2905 1293 2948 Va
