2014 3158
234 113 343 166 698
651 113 914 173 [LIBANII]
945 113 1338 159 DECLAMATIO
1370 115 1515 159 xmx

345 249 430 302 95.
471 252 757 318 Λεήσομαι
803 247 865 303 δὲ
910 252 1134 304 πάντων
1178 252 1336 320 ὑμῶν
1383 250 1574 320 δέησιν
1620 251 1753 316 ἴσως
1799 252 1929 306 ἀλυ-

229 339 496 406 ποτάτην·
542 339 719 411 τούτῳ
760 344 834 410 τῷ
881 338 1028 408 ξίφει
1078 341 1471 410 διαχρησάσθω
1517 344 1726 411 ταύτην
1765 341 1794 396 ὁ
1835 343 1931 411 δή·

231 448 369 496 μιος.
408 434 485 500 τῷ
524 429 726 496 ταύτης
766 430 951 498 αἵματι
1001 431 1101 483 τὸν
1148 429 1492 498 ἐπικείμενον
1539 430 1758 497 λύθρον
1797 430 1932 484 ἀπο-

231 518 578 587 καθάρωμεν.
616 517 721 570 κᾶν
751 517 887 585 ὑμῖν
916 527 1081 572 τοῦτο
1114 520 1268 588 δοκῇ,
1298 525 1374 591 τῷ
1408 527 1506 572 τοῦ
1539 520 1743 588 πατρὸς
1772 520 1930 592 τάφῳ

184 628 208 662 5
231 607 439 675 ταύτην
479 606 972 676 ἐπαποκτείνωμεν,
1013 608 1256 677 σφάγιον
1295 607 1516 676 εὐσεβές
1545 627 1604 661 τε
1635 607 1727 661 καὶ
1760 610 1929 662 δικαι-

228 698 444 749 ότατον.
492 696 636 748 οὕτω
684 696 815 765 γάρ,
863 690 1038 766 οἶμαι,
1084 699 1215 759 τοὺς
1263 695 1480 750 ἐκείνου
1528 698 1795 766 δαίμονας
1842 698 1929 750 εὐ-

229 784 592 852 μενεστέρους
624 785 840 848 ἑαυτοῖς
869 788 1295 855 καταστήσομεν.
1336 786 1423 839 96.
1457 786 1559 839 οὐκ
1591 787 1795 855 ὄψομαι
1828 787 1931 854 μὲν

228 870 336 927 οὖν
367 875 468 942 τὴν
497 875 803 943 μιαιφόνον
835 877 1058 938 δικαίως
1081 875 1618 944 <άποκτεινομένην>
1643 876 1774 929 οὐδὲ
1799 881 1930 929 θεα-

229 964 326 1032 τὴς
380 963 643 1030 γενέσθαι
691 965 1000 1033 δυνήσομαι
1046 972 1143 1033 τῆς
1188 968 1476 1033 τιμωρίας,
1532 965 1675 1034 ὅμως
1723 962 1784 1018 δὲ
1837 965 1931 1018 καὶ

161 1074 207 1107 10
230 1060 402 1105 ταῦτα
441 1053 827 1121 διηγουμένων
859 1053 1079 1106 ἀκούων
1119 1052 1258 1116 δόξω
1291 1053 1660 1122 κολαζομένην
1701 1052 1930 1123 ἑωρακέ-

161 1521 204 1552 15

230 1161 337 1195 ναι.
376 1143 540 1195 τοῦτό
578 1162 672 1208 μοι
711 1143 773 1195 τὸ
814 1144 1053 1211 διήγημα
1098 1143 1159 1195 τὸ
1207 1144 1400 1212 πρώην
1448 1141 1534 1195 ε’πὶ
1575 1149 1652 1213 τῷ
1691 1150 1790 1196 τοῦ
1830 1163 1930 1195 πα-

231 1232 360 1299 τρὸς
420 1231 591 1284 πάθει
645 1231 1014 1300 γεγενημένον
1066 1235 1549 1301 παραμυθήσεται,
1610 1240 1774 1285 τοῦτο
1828 1233 1930 1301 τὴν

231 1319 404 1388 ἀκοὴν
466 1319 685 1388 ἐκείνην
747 1319 997 1389 ἐξίτηλον
1058 1321 1321 1388 γενέσθαι
1380 1322 1784 1391 παρασκευάσει
1839 1319 1929 1374 καὶ

231 1395 580 1478 κουφοτέραν
618 1412 835 1478 ποιήσει
874 1410 975 1478 τὴν
1015 1410 1325 1479 συμφοράν.

343 1498 429 1551 97.
463 1496 602 1567 Ἐγὼ
643 1498 744 1567 μὲν
784 1494 904 1565 οὖν,
946 1496 987 1552 ὦ
1028 1505 1270 1571 πατρῷοι
1310 1499 1590 1568 δαίμονες,
1637 1498 1728 1552 καὶ
1770 1502 1929 1564 ζῶντι

230 1587 320 1639 καὶ
367 1589 754 1656 τελευτήσαντι
801 1596 875 1660 τῷ
916 1586 1080 1656 πατρὶ
1128 1590 1450 1656 βεβοήθηκα
1497 1589 1632 1641 κατὰ
1687 1589 1930 1656 δύναμιν

228 1676 409 1728 πάντα
449 1676 909 1745 διαπραξάμενος,
957 1674 1047 1746 ἐμὲ
1087 1673 1148 1730 δὲ
1186 1680 1270 1739 τίς
1309 1678 1667 1746 θεραπεύσει;
1715 1678 1797 1740 τίς
1834 1697 1928 1744 κη-

230 1766 415 1818 δεύσει
460 1764 551 1819 καὶ
605 1768 1006 1834 τελευτήσαντα
1059 1771 1339 1828 παντελῶς
1393 1763 1599 1835 ἔρημον
1652 1767 1786 1819 ὄντα
1837 1766 1930 1819 καὶ

227 1853 689 1924 δυστυχέστατον;
729 1863 999 1908 τοσοῦτον
1031 1852 1089 1907 δὲ
1122 1857 1298 1923 μόνον
1330 1855 1499 1908 εἰπὼν
1531 1858 1928 1924 καταβήσομαι·

349 2021 403 2060 13
437 2017 493 2060 cf.
518 2019 551 2062 t.
578 2016 642 2061 IV
666 2020 767 2070 250,
786 2021 855 2059 12.
889 2015 996 2059 Her.
1022 2016 1043 2059 I
1070 2021 1108 2070 1,
1130 2020 1176 2071 13
1210 2015 1250 2059 V
1280 2021 1356 2069 39,
1378 2021 1418 2059 2.
1450 2015 1589 2060 Isocr.
1621 2013 1791 2072 Areop.
1819 2020 1844 2068 ξ
1868 2019 1926 2059 47

228 2090 274 2132 p.
303 2081 386 2120 149
404 2076 447 2120 b.
481 2076 599 2120 Pla‘c.
635 2075 763 2119 criti.
797 2091 842 2132 p.
871 2080 953 2118 121
973 2076 1014 2118 A

350 2231 372 2270 1
407 2225 458 2269 δὲ
490 2224 593 2282 γάρ.
627 2223 852 2280 δεήσομαι
882 2223 971 2281 γὰρ
1005 2224 1086 2267 sed
1118 2223 1169 2269 δὲ
1202 2225 1249 2267 et
1280 2222 1367 2280 γὰρ
1399 2223 1525 2266 inser
1559 2224 1628 2267 Va
1662 2225 1668 2279 Ι
1712 2221 1819 2272 ἴσως
1851 2236 1926 2266 om

228 2285 286 2329 H
292 2285 376 2329 VB
499 2288 523 2326 2
560 2283 892 2340 ὃιαχρησάσθω
918 2284 1013 2328 Ath
1025 2285 1093 2328 Va
1126 2283 1208 2327 sed
1233 2286 1313 2327 δια
1340 2284 1536 2338 antepos
1562 2283 1656 2326 Ath
1668 2281 1758 2326 Va²
1818 2298 1927 2338 χρη-

229 2343 391 2387 σάσθω
418 2344 525 2388 HV
559 2346 565 2399 Ι
608 2343 686 2386 καὶ
719 2344 829 2386 ante
859 2342 1035 2398 ταύτην
1060 2342 1166 2388 HV
1280 2347 1305 2385 3
1339 2341 1390 2385 τὸ
1416 2343 1474 2386 H
1479 2343 1648 2386 VViM
1693 2343 1700 2398 Ι
1750 2341 1926 2385 ἀποκα-

227 2401 472 2457 θαίρωμεν
501 2404 589 2447 Μα
731 2405 757 2444 5
798 2400 1145 2457 ἀποκτείνωμεν
1179 2402 1237 2446 Vi
1284 2403 1290 2457 Ι
1342 2399 1641 2444 δικαιότατον
1674 2399 1837 2455 scripsi
1871 2413 1927 2443 ex

228 2462 639 2507 HVViMaOlAth
670 2460 761 2504 coll
791 2460 821 2503 1.
850 2466 903 2504 19
968 2459 1154 2505 δίκαιον
1189 2461 1380 2504 BVaM
1415 2460 1506 2503 edd.
1628 2465 1653 2503 6
1689 2455 1818 2514 οἶμαι
1849 2472 1925 2502 om

235 2522 296 2565 Vi
336 2523 342 2578 Ι
386 2521 482 2565 ἐκεῖ
510 2522 568 2566 Vi
599 2520 676 2563 sed
713 2519 895 2564 ἐκείνου
926 2520 975 2563 in
1005 2533 1141 2577 marg
1171 2519 1240 2562 m²
1363 2524 1386 2562 7
1424 2520 1508 2574 μὲν
1540 2533 1615 2562 om
1639 2520 1696 2563 H
1703 2519 1809 2563 VVi

228 2584 255 2624 8
289 2578 482 2630 δικαίως
513 2595 587 2623 om
620 2579 722 2622 Mor
749 2578 830 2623 sed
863 2596 917 2635 γρ
949 2579 999 2622 in
1031 2593 1164 2635 marg
1206 2582 1211 2635 1
1263 2577 1659 2634 ἀποκτεινομένην
1690 2577 1866 2621 inserui

228 2653 305 2682 om
329 2638 439 2682 libri
501 2636 822 2695 φονευομένην
846 2638 937 2680 edd
965 2639 971 2693 Ι
1000 2639 1055 2683 οὐ
1080 2640 1141 2683 M
1162 2683 1168 2689 x
1260 2643 1285 2681 9
1318 2645 1398 2694 τῆς
1421 2635 1643 2693 τιμωρίας
1666 2635 1925 2692 δυνήσομαι

227 2699 333 2742 HV
376 2700 382 2755 1
432 2699 513 2741 καὶ
545 2712 619 2741 om
653 2697 858 2742 ViMaOl
979 2702 1031 2740 11
1065 2699 1227 2753 πρώην
1258 2697 1308 2739 in
1339 2711 1473 2753 marg
1503 2697 1628 2739 inser
1659 2695 1739 2739 Vi²
1783 2698 1789 2751 Ι
1840 2701 1923 2738 σοῦ

228 2759 338 2800 ante
369 2761 433 2816 τῷ
464 2757 589 2800 inser
615 2757 728 2799 Ma⁸
765 2757 771 2811 Ι
806 2757 948 2811 πατρὶ
978 2757 1139 2808 πάθος
1172 2758 1229 2800 Vi
1260 2756 1342 2799 sed
1373 2762 1455 2799 τοῦ
1488 2756 1663 2809 πατρὸς
1693 2753 1843 2798 πάθει
1873 2753 1923 2796 in

226 2829 361 2873 marg
391 2815 461 2859 m²
583 2820 637 2859 13
672 2813 853 2871 ἐκείνην
885 2815 935 2858 in
966 2830 1099 2872 marg
1130 2816 1256 2859 inser
1280 2814 1394 2859 Ma³
1516 2819 1570 2858 15
1603 2816 1735 2866 ζῶντι
1761 2813 1818 2856 Vi
1841 2812 1923 2855 sed

227 2878 315 2927 ζῶν
347 2876 396 2918 in
426 2889 561 2932 marg
583 2874 654 2918 m²
776 2879 830 2918 18
862 2875 1181 2929 τελευτήσαντι
1205 2875 1250 2918 Β
1373 2878 1426 2917 19
1459 2872 1808 2931 καταβοήσομαι
1835 2873 1924 2916 Μα

232 2934 287 2978 Ge
317 2934 399 2978 sed
430 2950 454 2977 ο
489 2933 564 2977 del
592 2932 782 2978 Ma'OE'
