2044 3168
18 105 102 150 AD
134 104 635 150 ANTEOEDENTEM
666 103 1195 150 DEOLAMATIONEM
1225 104 1558 151 ANTILOGIA
1608 106 1712 159 157

20 243 121 296 τὸν
159 244 330 310 λόγον
369 240 442 304 ὡς
480 241 677 311 ἀληθῆ.
717 240 750 309 ἢ
787 250 902 304 πῶς
941 239 1011 294 ἂν
1041 241 1139 294 τὸν
1170 244 1607 311 περιφρονητήν;
1648 243 1714 295 οὐ

0 314 125 403 Ῑγὰρ
180 328 291 400 ἔχει
346 331 521 399 φύσιν
574 330 635 383 τὸ
689 338 911 400 πρᾶγμα
965 326 1084 383 οὐδ’
1130 331 1201 383 ἄν
1254 350 1328 402 τω
1385 329 1530 394 δόξει
1585 331 1716 384 ποτὲ

0 420 219 473 ἓπιστὸν
276 413 446 488 εἶναι,
504 417 795 489 ἐπειδήπερ
851 419 1117 488 ὀλιγωρία
1171 419 1262 471 καὶ
1315 422 1716 488 περιφρόνησις

22 511 205 576 λύπην
257 505 360 577 μὲν
413 516 619 578 γεννᾶν
676 506 765 561 καὶ
827 508 1017 575 θυμὸν
1077 505 1328 571 ἐξάπτειν
1381 509 1714 577 πεφύκασιν,

20 597 148 667 οὐχὶ
188 594 249 650 δὲ
297 598 436 667 πρὸς
475 597 693 665 ἀγάπην
732 594 865 650 οὐδὲ
901 597 1040 665 πρὸς
1077 593 1307 650 ἔπαινον
1345 605 1446 650 τοῦ
1484 601 1713 650 κατωλι-
1760 619 1779 652 5

23 689 336 756 γωρηκότος
390 687 742 757 διερεθίζειν,
800 684 891 738 καὶ
952 685 1064 757 ὅσῳ
1126 684 1346 758 θατέρῳ
1406 695 1518 739 τῶν
1558 685 1716 739 ἐναν-

19 777 158 829 τίων
196 777 274 839 εἰς
311 775 373 828 τὸ
413 768 556 829 εἶναι
597 774 938 844 συμβάλλειν
976 774 1153 844 ἴσμεν,
1192 776 1440 846 τοσούτῳ
1480 775 1572 828 καὶ
1610 780 1716 828 θα-

18 863 159 937 τέρῳ
208 865 286 927 εἰς
331 866 393 918 τὸ
440 865 513 933 μὴ
561 858 705 917 εἶναι
758 863 1118 933 γινώσκομεν.
1174 857 1296 918 οἷον
1347 866 1404 917 τί
1441 865 1508 932 δὴ
1550 863 1716 933 λέγω;

0 957 184 1022 ιφίλος
229 951 346 1007 ἔστι
393 967 497 1006 σοι.
550 954 994 1024 περιεφρόνησας
1040 951 1254 1006 ἐκεῖνον
1299 954 1391 1007 καὶ
1443 953 1716 1021 παρεῖδες,

0 1041 50 1096 ’ὁ
102 1039 164 1095 δὲ
219 1041 439 1113 ᾔσθετο.
508 1040 761 1110 ἐλυπήθη
815 1051 1051 1111 πρῶτον.
1114 1035 1209 1094 εἶτ’
1267 1040 1564 1111 ἐχαλέπηνε
1624 1040 1716 1094 καὶ
1742 1064 1785 1096 ιο

18 1132 158 1201 πρὸς
182 1131 355 1202 ὀργὴν
379 1130 622 1200 ἀνήφθη.
658 1128 775 1183 ἀλλ’
809 1130 876 1184 οὐ
900 1132 1356 1201 περιεφρόνησας,
1373 1129 1717 1201 ἐπεστράφης

20 1217 82 1273 δὲ
126 1218 297 1273 πλέον
342 1227 438 1289 τῆς
490 1222 806 1289 συνηθείας.
871 1219 900 1273 ὁ
949 1217 1010 1273 δὲ
1062 1223 1274 1287 μᾶλλον
1325 1220 1572 1289 ἠγάπησε
1623 1218 1715 1273 καὶ

18 1318 135 1371 τοῖς
167 1317 286 1372 σοῖς
316 1307 564 1371 ἐπαίνοις
594 1307 923 1377 προσέθηκε.
964 1309 1050 1362 33.
1083 1310 1175 1363 διὰ
1206 1316 1379 1362 ταῦτα
1418 1309 1520 1363 οὐκ
1560 1307 1717 1380 ᾤμην

19 1397 355 1467 ὀλιγωρῆσαι
410 1395 531 1450 οὐδ’
586 1398 762 1450 εἰπεῖν
812 1395 873 1451 ἐν
920 1396 1158 1469 ἐμαυτῷ·
1212 1398 1442 1467 κάμνει
1494 1395 1601 1450 καὶ
1656 1398 1722 1450 τί

17 1493 211 1539 τοῦτο
251 1489 513 1553 καινόν;
553 1486 859 1554 καμνέτω.
912 1488 1263 1557 ἄνθρωπός
1309 1485 1449 1540 ἐστι
1494 1485 1600 1540 καὶ
1646 1487 1715 1539 τὸ
1742 1510 1784 1544 15

17 1576 233 1638 πάθος
287 1575 733 1645 ἀνθρώπινον.
788 1569 927 1629 οἶδε
981 1578 1097 1645 τὴν
1143 1578 1344 1630 νόσον
1397 1578 1465 1630 τὸ
1512 1575 1715 1644 γένος.

18 1665 127 1718 καὶ
166 1665 242 1718 οὐ
282 1662 471 1727 ξένον
516 1672 710 1718 τοῦτο
758 1673 829 1734 τῇ
878 1666 1077 1733 φύσει
1125 1662 1279 1718 οὐδὲ
1325 1665 1718 1735 προσφάτως

19 1751 430 1822 ἐπιδημῆσαν
468 1760 554 1825 τῷ
593 1755 726 1825 βίῳ.
774 1753 1085 1824 οὕτωκαὶ
1122 1754 1370 1823 τούμοῦ
1411 1755 1654 1824 πατρὸς
1686 1753 1715 1807 ὁ

7 1842 224 1911 πατὴρ
277 1842 384 1895 καὶ
430 1841 459 1895 ὁ
508 1840 768 1895 ἐκείνου
829 1843 1037 1911 πατὴρ
1100 1841 1270 1909 κάγὼ
1317 1842 1424 1896 καὶ
1478 1844 1717 1907 πάντες

20 1931 366 2000 ἄνθρωποι
425 1933 905 2000 πορευσόμεθα.
969 1929 1107 1984 ἀλλὰ
1167 1932 1234 1984 τὰ
1285 1939 1513 1986 τοιαῦτα
1570 1935 1717 2001 λογί-
1741 1957 1784 1989 20

17 2022 213 2085 ζεσθαι
259 2018 424 2073 παντὶ
470 2022 684 2087 μᾶλλον
730 2018 945 2089 οἰηθεὶς
990 2019 1220 2088 πρέπειν
1264 2021 1403 2091 ἥπερ
1451 2020 1571 2089 ἐμοὶ
1624 2020 1717 2075 καὶ

7 2108 131 2178 ’ἅμα
176 2108 247 2176 ἣν
291 2110 357 2162 τὰ
404 2117 646 2177 συγγενῆ
693 2118 805 2162 τῶν
851 2108 1073 2178 ἀλόγων
1119 2111 1271 2174 ζώων
1315 2111 1455 2180 πρὸς
1509 2112 1718 2179 ἄλληλα

19 2198 262 2268 στοργὴν
309 2196 681 2251 ἐπιδείκνυται
727 2197 996 2268 ἡμετέραν
1041 2201 1348 2252 νουθεσίαν
1395 2199 1718 2268 ὑπειληφὼς

4 2284 114 2339 ’καὶ
151 2288 290 2356 πρὸς
327 2287 388 2339 τὸ
430 2283 694 2354 συγγενὲς
733 2286 1134 2357 ἀστοργότερον
1182 2286 1409 2341 ἐκείνων
1460 2289 1717 2358 διατεθῆ-

21 2394 115 2428 ναι
153 2375 225 2443 μὴ
266 2374 521 2445 ἐνεγκών,
558 2371 591 2442 ἦ
624 2376 729 2443 γὰρ
762 2374 832 2428 ἂν
862 2372 999 2444 ἦμεν
1031 2377 1109 2438 εἰς
1139 2377 1354 2439 ὄνειδος
1383 2384 1458 2449 τῷ
1500 2375 1716 2448 ἀνθρω-
1740 2401 1783 2435 85

19 2464 164 2535 πίνῳ
219 2463 379 2535 φύλῳ
432 2462 597 2516 παντὶ
652 2464 727 2526 ὡς
780 2462 871 2517 καὶ
927 2472 1038 2517 τῶν
1093 2463 1309 2532 ἀλόγων
1355 2465 1540 2519 αὐτῶν
1590 2466 1718 2520 ἀλο-

22 2552 274 2621 γώτεροι,
311 2551 414 2604 οὐκ
453 2551 629 2620 ἀνῆκα
668 2551 786 2606 οὐδ’
835 2551 1043 2606 ἐνέδων
1081 2560 1147 2622 τῇ
1184 2557 1476 2625 προθυμίᾳ
1512 2563 1613 2608 τοῦ
1644 2557 1716 2625 μὴ

0 2639 201 2693 ἑπάντα
238 2642 493 2710 μετιόντα
538 2646 714 2712 πολλῇ
765 2649 829 2712 τῇ
878 2643 1095 2711 σπουδῇ
1141 2650 1325 2696 πᾶσαν
1370 2652 1569 2713 πεῖραν
1607 2645 1717 2697 εἰσ-

0 2827 2 2830 -
142 2803 167 2841 2
201 2798 260 2844 ἄν
291 2803 353 2859 τῷ
380 2801 423 2844 L
485 2800 544 2845 ἄν
575 2817 637 2844 τω
671 2803 716 2847 V
758 2803 764 2857 Ι
814 2799 927 2856 δόξή
952 2802 1051 2846 LV
1181 2806 1235 2846 10
1267 2804 1290 2847 ἐ
1320 2802 1517 2861 αλέπῃνε
1543 2803 1586 2847 L

25 2862 79 2961 11}
102 2846 466 2962 Βέἒᾳρέφηέοέ
604 2864 657 2903 13
690 2864 918 2906 διαταῦτα
942 2860 1042 2905 LV
1171 2866 1224 2906 21
1260 2820 1387 2918 slz‘nsp
1423 2864 1466 2908 V
1599 2867 1654 2907 25
1687 2856 1716 2918 ἦ
