2044 3168
219 116 324 171 162
398 122 400 124 ’
690 123 693 127 ’
802 118 1091 164 GREGORH
1122 118 1323 164 CYPRII

215 275 276 324 γε
315 255 477 325 χάριν
522 252 662 324 ἔχεις
713 256 908 320 εἰπεῖν-ς
959 255 1029 308 ἂν
1071 257 1174 325 γὰρ
1214 257 1285 324 μὴ
1327 253 1453 307 οὔθ’
1502 255 1635 308 ὅταν
1672 257 1906 323 πόλεμος

216 344 428 415 ἐπιστῇ,
485 343 694 407 ἐξέσται
759 346 1072 414 χρήσασθαι
1135 342 1226 397 καὶ
1290 349 1477 414 χρυσῷ
1539 344 1627 397 καὶ
1681 344 1912 417 ἀργύρῳ,

215 432 342 487 οὔθ’
398 433 530 486 ὅταν
578 434 734 501 λιμὸς
783 432 817 502 ἢ
863 435 1029 496 νόσος
1075 433 1122 502 ἢ
1157 432 1338 502 ἕτερός
1384 453 1468 495 τις
1514 432 1665 501 ἀγὼν
1711 433 1908 503 ε’παγόε

215 541 380 591 μενος
417 524 702 590 κίνδυνον,
743 520 859 575 ἀλλ’
899 520 1066 575 ἔνδον
1105 521 1238 590 ἡμῖν
1277 523 1522 590 ἄχρηστα
1560 523 1812 590 κείσεται,
1852 525 1911 590 τί

172 633 191 665 5
218 612 480 664 λιθιδίων
532 610 623 664 καὶ
676 613 965 680 καχλήκων
1026 609 1117 664 καὶ
1177 620 1272 678 τῆς
1335 609 1393 664 ἐκ
1454 611 1648 664 πεδίου
1703 613 1907 675 κόνεως

214 701 411 753 διοίσει
473 701 627 769 ἡμῐν;
687 699 720 768 ἢ
778 702 833 752 τί
882 703 1093 768 μᾶλλον
1153 706 1324 752 ταῦτα
1384 700 1485 768 μὲν
1547 701 1907 769 εἰσοικίζομεν

211 793 388 859 πολλῇ
427 797 491 859 τῇ
533 789 745 859 σπουδῇ
785 787 875 841 καὶ
909 789 1345 858 ἀσφαλισάμενοι
1377 791 1590 857 ἔχομεν,
1630 787 1812 842 ἐκεῖνα
1844 789 1907 842 δὲ

213 878 515 948 ῥιπτοῦμεν
561 879 693 946 ἡμῖν
740 877 1024 947 ἀχρήστων
1070 876 1161 930 καὶ
1211 876 1496 945 ἀνονήτων
1548 878 1636 930 καὶ
1691 878 1908 948 τούτων

213 967 484 1020 κάκείνων
530 968 707 1019 ὄντων
754 966 974 1034 ὁμοίως;
1026 966 1055 1019 ὃ
1102 967 1206 1036 γὰρ
1246 968 1318 1037 μὴ
1357 975 1477 1029 ταῖς
1523 966 1907 1035 ἀνθρωπίναις

146 1078 189 1109 10
214 1055 477 1124 ἀνάγκαις
529 1056 823 1126 ὑπηρετεῖν
868 1053 1003 1124 ἔχει,
1044 1054 1235 1124 ἐπίσης
1273 1055 1600 1124 ἀπόβλητον.
1655 1056 1748 1109 καὶ
1793 1064 1905 1108 τῶν

213 1145 412 1212 ὁμοίως
459 1144 746 1215 ἀχρήστων
801 1144 903 1197 οὐκ
949 1142 1033 1198 ἔνι
1081 1145 1284 1212 δήπου,
1339 1147 1390 1197 ει’
1433 1147 1506 1213 μή
1552 1165 1675 1198 τινα
1730 1144 1906 1213 λέγεις

211 1241 707 1303 παραφρονοῦντα,
762 1234 823 1286 τὸ
880 1231 981 1303 μὲν
1029 1233 1468 1302 ἀποβάλλεσθαι,
1522 1235 1584 1288 τὸ
1637 1231 1698 1287 δὲ
1751 1253 1905 1302 περιῇ

214 1323 567 1376 σπούδαστον
607 1327 842 1375 οἴεσθαι.
879 1322 967 1375 42.
1009 1325 1078 1375 σὺ
1117 1322 1182 1375 δέ
1216 1342 1326 1390 μοι,
1367 1322 1500 1375 ὅταν
1532 1331 1737 1376 σαυτοῦ
1777 1342 1905 1393 προ-

211 1418 373 1481 τιθῇς
423 1413 490 1464 τὰ
539 1414 784 1482 χρήματα
839 1410 929 1464 καὶ
990 1419 1161 1464 ταῦτα
1222 1411 1475 1480 μεγάλων
1536 1410 1907 1481 ἐνεστηκότων

146 1521 187 1554 1⁶
213 1502 494 1554 κινδύνων
532 1501 622 1554 καὶ
669 1499 840 1563 ἀξιοῖς
878 1500 1017 1569 ἡμᾶς
1055 1497 1157 1569 μὲν
1194 1501 1545 1553 κινδυνεύειν
1591 1499 1905 1570 ἀνέχεσθαι,

213 1597 384 1643 ταῦτα
423 1588 474 1643 δ’
512 1589 763 1642 ἀθάνατα
794 1588 999 1658 με’νειν,
1038 1585 1071 1657 ἧ
1103 1607 1210 1642 που
1245 1591 1660 1658 συμβουλεῦσαί
1689 1610 1762 1662 τω
1804 1591 1905 1644 οὐκ

214 1680 286 1732 ἄν
338 1697 470 1731 ποτε
515 1675 707 1742 ἔδοξας
761 1680 833 1748 μὴ
887 1677 1150 1731 σθένοντι
1204 1680 1515 1746 χρήσασθαι
1568 1686 1684 1741 τοῖς
1736 1677 1905 1733 ποσὶν

214 1769 395 1822 ὄντων
433 1768 724 1837 χρημάτων
758 1768 929 1820 ἵππον
966 1769 1239 1836 πρίασθαι
1271 1767 1358 1819 καὶ
1393 1768 1756 1836 ἱπποτροφεῖν
1787 1767 1902 1821 ἀνέ-

214 1862 435 1926 χεσθαι,
487 1857 632 1919 ὅπως
677 1858 750 1925 μὴ
791 1857 1171 1926 σφοδρότερον
1211 1855 1344 1908 αὐτὸ
1383 1856 1595 1921 κάμνον
1641 1857 1700 1908 τὸ
1749 1867 1904 1923 σῶμα

145 1966 189 1998 20
214 1948 512 2015 οἰχήσεται,
551 1943 641 1997 καὶ
681 1951 757 2015 τῷ
796 1945 903 1997 ὑπὸ
948 1954 1212 2014 χειμῶνος
1249 1943 1695 2016 πολιορκουμένῳ
1734 1960 1904 2014 προσ-

211 2037 520 2102 κτήσασθαι
558 2034 649 2086 καὶ
697 2036 929 2101 χλαῖναν
975 2041 1090 2096 τοῖς
1139 2034 1371 2100 ἱματίοις
1420 2033 1510 2085 καὶ
1549 2040 1623 2104 τῷ
1669 2053 1730 2100 γε
1784 2054 1903 2103 τρο-4

213 2131 321 2193 φῆς
368 2121 607 2194 δεομένῳ
653 2123 687 2190 ἤ
735 2141 886 2184 τινος
939 2123 1111 2175 ἄλλου
1166 2131 1278 2175 τῶν
1331 2121 1647 2189 ἀναγκαίων
1693 2125 1905 2192 χρυσὸν

214 2213 383 2265 δόντα
421 2212 778 2280 πορίσασθαι.
833 2218 996 2264 τοῦτο
1045 2211 1106 2264 δὲ
1152 2213 1207 2264 τί
1242 2208 1362 2263 ποτ’
1407 2209 1478 2263 ἂν
1523 2209 1711 2279 ἕτερον
1750 2213 1903 2264 ἔσται

213 2299 245 2367 ἢ
301 2300 402 2368 τὴν
458 2299 821 2368 ἀνθρωπίνην
875 2299 1186 2352 ἀποκλείειν
1240 2299 1380 2366 ζωὴν
1435 2297 1525 2351 καὶ
1575 2299 1821 2351 κελεύειν
1866 2298 1901 2367 ἢ

145 2409 187 2441 25
213 2388 431 2456 ἀγαπᾶν
484 2389 619 2440 κατὰ
672 2388 875 2441 ταύτὸν
934 2398 1050 2450 τοῖς
1097 2387 1317 2456 ἀλόγοις
1372 2388 1585 2455 διάγειν
1641 2386 1731 2440 καὶ
1787 2397 1903 2452 τοῖς

213 2476 529 2545 αὐτομάτως
584 2476 1006 2545 ἀναδιδομένοις
1068 2476 1126 2529 ἐκ
1180 2484 1278 2545 γῆς
1331 2474 1679 2545 ἐξαρκεῖσθαι
1739 2475 1771 2544 ἢ
1828 2479 1900 2546 μὴ

213 2563 587 2632 βουλομένους
640 2566 906 2627 πεσόντας
960 2564 1328 2634 ἀπομετρῆσαι
1384 2565 1483 2617 τὸν
1529 2566 1654 2632 βιόν
1707 2565 1903 2618 αὐτίκα

213 2654 284 2722 μὴ
324 2651 450 2716 ἐξὸν
489 2654 664 2714 ἄλλως
704 2653 1003 2706 ἀπολαύειν
1036 2656 1192 2722 ζωῆς;

333 2759 359 2797 5
403 2753 621 2799 ἐκπεδίου
647 2755 690 2797 L
820 2758 859 2828 *8
903 2753 1013 2810 ἡμῖν
1056 2754 1221 2810 scripsi
1297 2752 1427 2810 ἡμῶν
1456 2753 1551 2796 LV
1691 2758 1744 2796 13
1788 2770 1900 2808 προ,

211 2870 393 2927 τιθείης
417 2873 512 2915 LV
651 2876 705 2915 15
749 2830 878 2927 ἡμέξ)
907 2873 950 2915 L
1096 2876 1148 2915 18
1181 2874 1413 2927 πριᾶσθαι
1446 2872 1489 2914 V
1619 2874 1671 2912 19
1706 2871 1828 2915 αὐτῶ
1863 2871 1907 2914 V

333 2936 387 2974 25
420 2932 710 2976 καταταυτὸν
735 2932 778 2974 L
