<?xml version="1.0" encoding="UTF-8"?>
<!DOCTYPE html PUBLIC "-//W3C//DTD XHTML 1.0 Transitional//EN"
    "http://www.w3.org/TR/xhtml1/DTD/xhtml1-transitional.dtd">
<html xmlns="http://www.w3.org/1999/xhtml" xml:lang="en" lang="en">
 <head>
  <title>
</title>
<meta http-equiv="Content-Type" content="text/html;charset=utf-8" />
  <meta name='ocr-system' content='tesseract 3.04.00' />
  <meta name='ocr-capabilities' content='ocr_page ocr_carea ocr_par ocr_line ocrx_word'/>
</head>
<body>
  <div class='ocr_page' id='page_1' title='image "./operarecensuitri07libauoft_0747.png"; bbox 0 0 2014 3158; ppageno 0'>
   <div class='ocr_carea' id='block_1_1' title="bbox 894 618 978 673">
    <p class='ocr_par' dir='ltr' id='par_1_1' title="bbox 894 618 978 673">
     <span class='ocr_line' id='line_1_1' title="bbox 894 618 978 673; baseline -0.012 0"><span class='ocrx_word' id='word_1_1' title='bbox 894 618 978 673; x_wconf 92' lang='lat' dir='ltr'><em>LI.</em></span> 
     </span>
    </p>
   </div>
   <div class='ocr_carea' id='block_1_2' title="bbox 206 739 1872 809">
    <p class='ocr_par' dir='ltr' id='par_1_2' title="bbox 206 739 1872 809">
     <span class='ocr_line' id='line_1_2' title="bbox 206 739 1872 809; baseline -0.002 -17"><span class='ocrx_word' id='word_1_2' title='bbox 206 741 251 792; x_wconf 89' lang='lat'><em>1.</em></span> <span class='ocrx_word' id='word_1_3' title='bbox 295 739 459 808; x_wconf 83' lang='grc' dir='ltr'><em>Οἴμοι</em></span> <span class='ocrx_word' id='word_1_4' title='bbox 491 746 591 792; x_wconf 90' lang='grc' dir='ltr'><em>τοῦ</em></span> <span class='ocrx_word' id='word_1_5' title='bbox 623 740 860 806; x_wconf 77' lang='grc' dir='ltr'><em>πάθους,</em></span> <span class='ocrx_word' id='word_1_6' title='bbox 900 744 1050 808; x_wconf 80' lang='grc' dir='ltr'><em>οἴμοι</em></span> <span class='ocrx_word' id='word_1_7' title='bbox 1085 747 1180 808; x_wconf 86' lang='grc' dir='ltr'><em>τῆς</em></span> <span class='ocrx_word' id='word_1_8' title='bbox 1212 746 1516 809; x_wconf 84' lang='grc' dir='ltr'><em>συμφορᾶς.</em></span> <span class='ocrx_word' id='word_1_9' title='bbox 1560 745 1704 789; x_wconf 80' lang='lat' dir='ltr'>Boiss,</span> <span class='ocrx_word' id='word_1_10' title='bbox 1722 760 1767 802; x_wconf 88' lang='lat' dir='ltr'><em>p.</em></span> <span class='ocrx_word' id='word_1_11' title='bbox 1788 750 1872 789; x_wconf 88' lang='lat'><em>165</em></span> 
     </span>
    </p>
   </div>
   <div class='ocr_carea' id='block_1_3' title="bbox 12 826 1784 1967">
    <p class='ocr_par' dir='ltr' id='par_1_3' title="bbox 12 826 1784 1967">
     <span class='ocr_line' id='line_1_3' title="bbox 88 826 1784 899; baseline 0.001 -18"><span class='ocrx_word' id='word_1_12' title='bbox 88 837 203 891; x_wconf 85' lang='grc' dir='ltr'><em>πῶς</em></span> <span class='ocrx_word' id='word_1_13' title='bbox 245 829 476 897; x_wconf 85' lang='grc' dir='ltr'><em>ὑποίσω,</em></span> <span class='ocrx_word' id='word_1_14' title='bbox 515 837 630 890; x_wconf 83' lang='grc' dir='ltr'><em>πῶς</em></span> <span class='ocrx_word' id='word_1_15' title='bbox 670 827 736 880; x_wconf 85' lang='grc' dir='ltr'><em>οὐ</em></span> <span class='ocrx_word' id='word_1_16' title='bbox 775 826 866 881; x_wconf 86' lang='grc' dir='ltr'><em>καὶ</em></span> <span class='ocrx_word' id='word_1_17' title='bbox 905 829 1007 896; x_wconf 83' lang='grc' dir='ltr'><em>τὴν</em></span> <span class='ocrx_word' id='word_1_18' title='bbox 1045 829 1229 897; x_wconf 82' lang='grc' dir='ltr'><em>ψυχὴν</em></span> <span class='ocrx_word' id='word_1_19' title='bbox 1263 828 1652 899; x_wconf 76' lang='grc' dir='ltr'><em>ἀπερεύξομαις</em></span> <span class='ocrx_word' id='word_1_20' title='bbox 1692 829 1784 883; x_wconf 83' lang='grc' dir='ltr'><em>πέ-</em></span> 
     </span>
     <span class='ocr_line' id='line_1_4' title="bbox 88 916 1784 988; baseline 0.002 -18"><span class='ocrx_word' id='word_1_21' title='bbox 88 938 188 986; x_wconf 91' lang='grc' dir='ltr'><em>νης</em></span> <span class='ocrx_word' id='word_1_22' title='bbox 241 916 299 970; x_wconf 84' lang='grc' dir='ltr'><em>ἐκ</em></span> <span class='ocrx_word' id='word_1_23' title='bbox 352 919 625 971; x_wconf 81' lang='grc' dir='ltr'><em>πλουσίου</em></span> <span class='ocrx_word' id='word_1_24' title='bbox 678 916 1000 987; x_wconf 76' lang='grc' dir='ltr'><em>γεγένημαι,</em></span> <span class='ocrx_word' id='word_1_25' title='bbox 1055 916 1084 971; x_wconf 87' lang='lat'><em>6</em></span> <span class='ocrx_word' id='word_1_26' title='bbox 1134 916 1268 986; x_wconf 89' lang='grc' dir='ltr'><em>πρὶν</em></span> <span class='ocrx_word' id='word_1_27' title='bbox 1320 918 1784 988; x_wconf 78' lang='grc' dir='ltr'><strong><em>περιβεβλημένος</em></strong></span> 
     </span>
     <span class='ocr_line' id='line_1_5' title="bbox 89 1004 1784 1077; baseline 0.002 -18"><span class='ocrx_word' id='word_1_28' title='bbox 89 1005 259 1076; x_wconf 91' lang='grc' dir='ltr'><em>ε’σμὸν</em></span> <span class='ocrx_word' id='word_1_29' title='bbox 305 1005 597 1076; x_wconf 75' lang='grc' dir='ltr'><em>χρημάτων</em></span> <span class='ocrx_word' id='word_1_30' title='bbox 651 1005 775 1076; x_wconf 85' lang='grc' dir='ltr'><em>οὐχὶ</em></span> <span class='ocrx_word' id='word_1_31' title='bbox 821 1008 1038 1077; x_wconf 87' lang='grc' dir='ltr'><em>βραχὺν</em></span> <span class='ocrx_word' id='word_1_32' title='bbox 1091 1004 1348 1060; x_wconf 80' lang='grc' dir='ltr'><em>ἁπάντων</em></span> <span class='ocrx_word' id='word_1_33' title='bbox 1402 1007 1528 1077; x_wconf 79' lang='grc' dir='ltr'><em>ἄρτι</em></span> <span class='ocrx_word' id='word_1_34' title='bbox 1574 1009 1784 1076; x_wconf 90' lang='grc' dir='ltr'><em>γυμνὸς</em></span> 
     </span>
     <span class='ocr_line' id='line_1_6' title="bbox 86 1093 1781 1165; baseline 0.002 -17"><span class='ocrx_word' id='word_1_35' title='bbox 86 1093 219 1149; x_wconf 78' lang='grc' dir='ltr'><em>οὐδὲ</em></span> <span class='ocrx_word' id='word_1_36' title='bbox 280 1103 420 1164; x_wconf 86' lang='grc' dir='ltr'><em>γοῦν</em></span> <span class='ocrx_word' id='word_1_37' title='bbox 483 1098 750 1165; x_wconf 85' lang='grc' dir='ltr'><em>στατῆρός</em></span> <span class='ocrx_word' id='word_1_38' title='bbox 810 1116 904 1164; x_wconf 91' lang='grc' dir='ltr'><em>μοι</em></span> <span class='ocrx_word' id='word_1_39' title='bbox 966 1095 1423 1165; x_wconf 82' lang='grc' dir='ltr'><em>περιλειφθέντος</em></span> <span class='ocrx_word' id='word_1_40' title='bbox 1484 1096 1620 1161; x_wconf 81' lang='grc' dir='ltr'><em>ἑνός.</em></span> <span class='ocrx_word' id='word_1_41' title='bbox 1682 1098 1781 1151; x_wconf 91' lang='grc' dir='ltr'><em>τὸν</em></span> 
     </span>
     <span class='ocr_line' id='line_1_7' title="bbox 84 1184 1782 1258; baseline 0.001 -21"><span class='ocrx_word' id='word_1_42' title='bbox 84 1185 263 1237; x_wconf 79' lang='grc' dir='ltr'><em>πάντα</em></span> <span class='ocrx_word' id='word_1_43' title='bbox 303 1184 354 1238; x_wconf 72' lang='grc' dir='ltr'><em>δ’</em></span> <span class='ocrx_word' id='word_1_44' title='bbox 398 1186 595 1254; x_wconf 77' lang='grc' dir='ltr'><em>ὄλβον,</em></span> <span class='ocrx_word' id='word_1_45' title='bbox 644 1186 705 1248; x_wconf 81' lang='grc' dir='ltr'><em>ὅς</em></span> <span class='ocrx_word' id='word_1_46' title='bbox 741 1205 836 1253; x_wconf 93' lang='grc' dir='ltr'><em>μοι</em></span> <span class='ocrx_word' id='word_1_47' title='bbox 876 1187 1058 1258; x_wconf 77' lang='grc' dir='ltr'><em>χρόνῳ</em></span> <span class='ocrx_word' id='word_1_48' title='bbox 1106 1184 1197 1238; x_wconf 85' lang='grc' dir='ltr'><em>καὶ</em></span> <span class='ocrx_word' id='word_1_49' title='bbox 1244 1187 1394 1258; x_wconf 78' lang='grc' dir='ltr'><em>κόπῳ</em></span> <span class='ocrx_word' id='word_1_50' title='bbox 1435 1192 1611 1250; x_wconf 85' lang='grc' dir='ltr'><em>καλῶς</em></span> <span class='ocrx_word' id='word_1_51' title='bbox 1651 1202 1782 1241; x_wconf 92' lang='grc' dir='ltr'><em>συν-</em></span> 
     </span>
     <span class='ocr_line' id='line_1_8' title="bbox 86 1269 1782 1343; baseline 0.001 -17"><span class='ocrx_word' id='word_1_52' title='bbox 86 1275 382 1337; x_wconf 82' lang='grc' dir='ltr'><em>ελθόντοιν</em></span> <span class='ocrx_word' id='word_1_53' title='bbox 421 1277 766 1343; x_wconf 72' lang='grc' dir='ltr'><em>συνείλεκτο,</em></span> <span class='ocrx_word' id='word_1_54' title='bbox 805 1269 948 1343; x_wconf 81' lang='grc' dir='ltr'><em>ἦμαρ</em></span> <span class='ocrx_word' id='word_1_55' title='bbox 989 1273 1050 1328; x_wconf 81' lang='grc' dir='ltr'><em>ἕν</em></span> <span class='ocrx_word' id='word_1_56' title='bbox 1089 1273 1140 1343; x_wconf 89' lang='grc' dir='ltr'><em>μ’</em></span> <span class='ocrx_word' id='word_1_57' title='bbox 1190 1274 1461 1343; x_wconf 82' lang='grc' dir='ltr'><em>ἀφείλετο.</em></span> <span class='ocrx_word' id='word_1_58' title='bbox 1515 1277 1563 1328; x_wconf 84' lang='grc'><em>2.</em></span> <span class='ocrx_word' id='word_1_59' title='bbox 1603 1276 1645 1329; x_wconf 80' lang='grc' dir='ltr'><strong>ὢ</strong></span> <span class='ocrx_word' id='word_1_60' title='bbox 1684 1278 1782 1329; x_wconf 89' lang='grc' dir='ltr'><em>πό-</em></span> 
     </span>
     <span class='ocr_line' id='line_1_9' title="bbox 86 1361 1783 1434; baseline 0.001 -19"><span class='ocrx_word' id='word_1_61' title='bbox 86 1377 176 1416; x_wconf 86' lang='grc' dir='ltr'><em>σαι</em></span> <span class='ocrx_word' id='word_1_62' title='bbox 215 1382 279 1432; x_wconf 93' lang='grc' dir='ltr'><em>με</em></span> <span class='ocrx_word' id='word_1_63' title='bbox 313 1364 507 1426; x_wconf 81' lang='grc' dir='ltr'><em>νύκτες</em></span> <span class='ocrx_word' id='word_1_64' title='bbox 538 1361 661 1416; x_wconf 81' lang='grc' dir='ltr'><em>οὐδ’</em></span> <span class='ocrx_word' id='word_1_65' title='bbox 696 1365 887 1434; x_wconf 77' lang='grc' dir='ltr'><em>ἄκροις</em></span> <span class='ocrx_word' id='word_1_66' title='bbox 918 1363 1233 1433; x_wconf 79' lang='grc' dir='ltr'><em>ὀφθαλμοῖς</em></span> <span class='ocrx_word' id='word_1_67' title='bbox 1263 1372 1362 1418; x_wconf 87' lang='grc' dir='ltr'><em>τοῦ</em></span> <span class='ocrx_word' id='word_1_68' title='bbox 1394 1364 1577 1418; x_wconf 78' lang='grc' dir='ltr'><em>ὕπνου</em></span> <span class='ocrx_word' id='word_1_69' title='bbox 1609 1382 1783 1434; x_wconf 89' lang='grc' dir='ltr'><em>παρα-</em></span> 
     </span>
     <span class='ocr_line' id='line_1_10' title="bbox 84 1451 1782 1522; baseline 0.001 -18"><span class='ocrx_word' id='word_1_70' title='bbox 84 1454 389 1521; x_wconf 88' lang='grc' dir='ltr'><em>γευόμενον</em></span> <span class='ocrx_word' id='word_1_71' title='bbox 429 1455 692 1520; x_wconf 83' lang='grc' dir='ltr'><em>ἔγνωσαν.</em></span> <span class='ocrx_word' id='word_1_72' title='bbox 733 1451 775 1506; x_wconf 75' lang='grc' dir='ltr'>ὦ</span> <span class='ocrx_word' id='word_1_73' title='bbox 809 1455 1015 1516; x_wconf 91' lang='grc' dir='ltr'><em>πόσους</em></span> <span class='ocrx_word' id='word_1_74' title='bbox 1055 1452 1282 1522; x_wconf 78' lang='grc' dir='ltr'><em>ἑκάστης</em></span> <span class='ocrx_word' id='word_1_75' title='bbox 1313 1453 1516 1522; x_wconf 85' lang='grc' dir='ltr'><em>ἡμέρας</em></span> <span class='ocrx_word' id='word_1_76' title='bbox 1548 1452 1782 1522; x_wconf 82' lang='grc' dir='ltr'><em>ἀνέτλην</em></span> 
     </span>
     <span class='ocr_line' id='line_1_11' title="bbox 84 1542 1782 1612; baseline 0.001 -18"><span class='ocrx_word' id='word_1_77' title='bbox 84 1543 306 1604; x_wconf 89' lang='grc' dir='ltr'><em>πόνους.</em></span> <span class='ocrx_word' id='word_1_78' title='bbox 345 1543 541 1605; x_wconf 90' lang='grc' dir='ltr'><em>πόσοις</em></span> <span class='ocrx_word' id='word_1_79' title='bbox 579 1551 811 1612; x_wconf 78' lang='grc' dir='ltr'><em>κρυμοῖς</em></span> <span class='ocrx_word' id='word_1_80' title='bbox 859 1543 1189 1612; x_wconf 81' lang='grc' dir='ltr'><em>διερρωγόσι</em></span> <span class='ocrx_word' id='word_1_81' title='bbox 1235 1543 1647 1612; x_wconf 78' lang='grc' dir='ltr'><em>προσεπάλαισα</em></span> <span class='ocrx_word' id='word_1_82' title='bbox 1686 1542 1782 1611; x_wconf 79' lang='grc' dir='ltr'><em>ῥά-</em></span> 
     </span>
     <span class='ocr_line' id='line_1_12' title="bbox 83 1629 1780 1704; baseline 0.001 -22"><span class='ocrx_word' id='word_1_83' title='bbox 83 1643 215 1683; x_wconf 86' lang='grc' dir='ltr'><em>κεσι.</em></span> <span class='ocrx_word' id='word_1_84' title='bbox 263 1640 686 1702; x_wconf 75' lang='grc' dir='ltr'><em>προσμαρτυρεῖ.</em></span> <span class='ocrx_word' id='word_1_85' title='bbox 729 1651 836 1700; x_wconf 92' lang='grc' dir='ltr'><em>μου</em></span> <span class='ocrx_word' id='word_1_86' title='bbox 894 1637 968 1703; x_wconf 78' lang='grc' dir='ltr'><em>τῷ</em></span> <span class='ocrx_word' id='word_1_87' title='bbox 1011 1633 1156 1704; x_wconf 77' lang='grc' dir='ltr'><em>λόγῳ</em></span> <span class='ocrx_word' id='word_1_88' title='bbox 1203 1630 1295 1685; x_wconf 86' lang='grc' dir='ltr'><em>καὶ</em></span> <span class='ocrx_word' id='word_1_89' title='bbox 1342 1634 1549 1700; x_wconf 84' lang='grc' dir='ltr'><em>τρίβων</em></span> <span class='ocrx_word' id='word_1_90' title='bbox 1593 1629 1780 1684; x_wconf 83' lang='grc' dir='ltr'><em>οὑτοσὶ</em></span> 
     </span>
     <span class='ocr_line' id='line_1_13' title="bbox 84 1717 1781 1790; baseline 0 -19"><span class='ocrx_word' id='word_1_91' title='bbox 84 1717 150 1771; x_wconf 90' lang='grc' dir='ltr'><em>ὃν</em></span> <span class='ocrx_word' id='word_1_92' title='bbox 202 1721 525 1788; x_wconf 86' lang='grc' dir='ltr'><em>περίκειμαι.</em></span> <span class='ocrx_word' id='word_1_93' title='bbox 582 1720 623 1773; x_wconf 83' lang='grc' dir='ltr'><strong>ὢ</strong></span> <span class='ocrx_word' id='word_1_94' title='bbox 671 1723 846 1783; x_wconf 88' lang='grc' dir='ltr'><em>πόσας</em></span> <span class='ocrx_word' id='word_1_95' title='bbox 899 1718 1101 1790; x_wconf 84' lang='grc' dir='ltr'><em>ἡμέρας</em></span> <span class='ocrx_word' id='word_1_96' title='bbox 1157 1719 1416 1783; x_wconf 83' lang='grc' dir='ltr'><em>ἀπόσιτος</em></span> <span class='ocrx_word' id='word_1_97' title='bbox 1471 1719 1781 1789; x_wconf 81' lang='grc' dir='ltr'><em>ὃιαγέγονα.</em></span> 
     </span>
     <span class='ocr_line' id='line_1_14' title="bbox 12 1805 1781 1879; baseline 0.001 -19"><span class='ocrx_word' id='word_1_98' title='bbox 12 1838 17 1845; x_wconf 44' lang='lat' dir='ltr'><em>r</em></span> <span class='ocrx_word' id='word_1_99' title='bbox 83 1807 131 1861; x_wconf 86' lang='lat'><em>3.</em></span> <span class='ocrx_word' id='word_1_100' title='bbox 172 1810 222 1860; x_wconf 82' lang='grc' dir='ltr'><em>εἰ</em></span> <span class='ocrx_word' id='word_1_101' title='bbox 267 1805 315 1861; x_wconf 81' lang='grc' dir='ltr'><em>δ’</em></span> <span class='ocrx_word' id='word_1_102' title='bbox 372 1805 523 1862; x_wconf 79' lang='grc' dir='ltr'><em>ἔστιν</em></span> <span class='ocrx_word' id='word_1_103' title='bbox 570 1809 659 1862; x_wconf 84' lang='grc' dir='ltr'><em>ὅτε</em></span> <span class='ocrx_word' id='word_1_104' title='bbox 705 1829 800 1876; x_wconf 90' lang='grc' dir='ltr'><em>μοι</em></span> <span class='ocrx_word' id='word_1_105' title='bbox 846 1810 937 1863; x_wconf 80' lang='grc' dir='ltr'><em>καὶ</em></span> <span class='ocrx_word' id='word_1_106' title='bbox 982 1817 1194 1878; x_wconf 82' lang='grc' dir='ltr'><em>τροφῆς</em></span> <span class='ocrx_word' id='word_1_107' title='bbox 1242 1808 1429 1878; x_wconf 81' lang='grc' dir='ltr'><em>ἐδέησε</em></span> <span class='ocrx_word' id='word_1_108' title='bbox 1476 1817 1781 1879; x_wconf 79' lang='grc' dir='ltr'><em>μετασχεῖν,</em></span> 
     </span>
     <span class='ocr_line' id='line_1_15' title="bbox 86 1892 1782 1967; baseline 0.002 -19"><span class='ocrx_word' id='word_1_109' title='bbox 86 1896 252 1965; x_wconf 82' lang='grc' dir='ltr'><em>ἄρτος</em></span> <span class='ocrx_word' id='word_1_110' title='bbox 291 1892 361 1964; x_wconf 81' lang='grc' dir='ltr'><em>ἦν</em></span> <span class='ocrx_word' id='word_1_111' title='bbox 399 1896 536 1966; x_wconf 78' lang='grc' dir='ltr'><em>αὕτη</em></span> <span class='ocrx_word' id='word_1_112' title='bbox 577 1899 667 1951; x_wconf 83' lang='grc' dir='ltr'><em>καὶ</em></span> <span class='ocrx_word' id='word_1_113' title='bbox 707 1893 870 1960; x_wconf 83' lang='grc' dir='ltr'><em>οὗτος</em></span> <span class='ocrx_word' id='word_1_114' title='bbox 907 1896 1071 1965; x_wconf 81' lang='grc' dir='ltr'><em>μέλας</em></span> <span class='ocrx_word' id='word_1_115' title='bbox 1117 1918 1175 1952; x_wconf 92' lang='grc' dir='ltr'><em>τε</em></span> <span class='ocrx_word' id='word_1_116' title='bbox 1215 1897 1455 1967; x_wconf 76' lang='grc' dir='ltr'><em>ἀκριβῶς</em></span> <span class='ocrx_word' id='word_1_117' title='bbox 1500 1896 1590 1951; x_wconf 87' lang='grc' dir='ltr'><em>καὶ</em></span> <span class='ocrx_word' id='word_1_118' title='bbox 1629 1917 1782 1951; x_wconf 88' lang='grc' dir='ltr'><em>κατε-</em></span> 
     </span>
    </p>
   </div>
   <div class='ocr_carea' id='block_1_4' title="bbox 85 1999 440 2007">
    <p class='ocr_par' dir='ltr' id='par_1_4' title="bbox 85 1999 440 2007">
     <span class='ocr_line' id='line_1_16' title="bbox 85 1999 440 2007; baseline 0 0"><span class='ocrx_word' id='word_1_119' title='bbox 85 1999 440 2007; x_wconf 95' lang='lat' dir='ltr'><em> </em></span> 
     </span>
    </p>
   </div>
   <div class='ocr_carea' id='block_1_5' title="bbox 206 2058 1017 2116">
    <p class='ocr_par' dir='ltr' id='par_1_5' title="bbox 206 2058 1017 2116">
     <span class='ocr_line' id='line_1_17' title="bbox 206 2058 1017 2116; baseline 0.001 -15"><span class='ocrx_word' id='word_1_120' title='bbox 206 2058 251 2101; x_wconf 88' lang='grc' dir='ltr'><strong><em>Ρ</em></strong></span> <span class='ocrx_word' id='word_1_121' title='bbox 270 2079 325 2094; x_wconf 89' lang='lat'>=</span> <span class='ocrx_word' id='word_1_122' title='bbox 352 2058 507 2102; x_wconf 75' lang='lat' dir='ltr'><strong>Codex</strong></span> <span class='ocrx_word' id='word_1_123' title='bbox 535 2058 774 2103; x_wconf 83' lang='lat' dir='ltr'>Parisinus</span> <span class='ocrx_word' id='word_1_124' title='bbox 807 2073 873 2116; x_wconf 87' lang='lat' dir='ltr'><em>gr.</em></span> <span class='ocrx_word' id='word_1_125' title='bbox 901 2063 1017 2103; x_wconf 79' lang='lat'>2720</span> 
     </span>
    </p>
   </div>
   <div class='ocr_carea' id='block_1_6' title="bbox 86 2150 440 2157">
    <p class='ocr_par' dir='ltr' id='par_1_6' title="bbox 86 2150 440 2157">
     <span class='ocr_line' id='line_1_18' title="bbox 86 2150 440 2157; baseline 0 0"><span class='ocrx_word' id='word_1_126' title='bbox 86 2150 440 2157; x_wconf 95' lang='lat' dir='ltr'><em> </em></span> 
     </span>
    </p>
   </div>
   <div class='ocr_carea' id='block_1_7' title="bbox 85 2205 1777 2310">
    <p class='ocr_par' dir='ltr' id='par_1_7' title="bbox 85 2205 1777 2310">
     <span class='ocr_line' id='line_1_19' title="bbox 206 2205 1777 2265; baseline 0.001 -16"><span class='ocrx_word' id='word_1_127' title='bbox 206 2211 228 2249; x_wconf 89' lang='lat'>1</span> <span class='ocrx_word' id='word_1_128' title='bbox 264 2205 412 2250; x_wconf 83' lang='lat' dir='ltr'>Sever.</span> <span class='ocrx_word' id='word_1_129' title='bbox 447 2206 604 2264; x_wconf 74' lang='lat' dir='ltr'><strong>ethop.</strong></span> <span class='ocrx_word' id='word_1_130' title='bbox 636 2206 772 2251; x_wconf 73' lang='lat' dir='ltr'><strong>Rhet.</strong></span> <span class='ocrx_word' id='word_1_131' title='bbox 806 2221 873 2265; x_wconf 88' lang='lat' dir='ltr'><em>gr.</em></span> <span class='ocrx_word' id='word_1_132' title='bbox 899 2207 920 2250; x_wconf 95' lang='lat' dir='ltr'>I</span> <span class='ocrx_word' id='word_1_133' title='bbox 945 2212 1044 2263; x_wconf 83' lang='lat'>543,</span> <span class='ocrx_word' id='word_1_134' title='bbox 1064 2212 1088 2252; x_wconf 89' lang='lat'><strong>3</strong></span> <span class='ocrx_word' id='word_1_135' title='bbox 1122 2208 1194 2251; x_wconf 82' lang='lat' dir='ltr'><em>ed.</em></span> <span class='ocrx_word' id='word_1_136' title='bbox 1228 2206 1287 2249; x_wconf 90' lang='lat' dir='ltr'>W</span> <span class='ocrx_word' id='word_1_137' title='bbox 1291 2207 1374 2251; x_wconf 81' lang='lat' dir='ltr'>alz.</span> <span class='ocrx_word' id='word_1_138' title='bbox 1514 2212 1538 2249; x_wconf 87' lang='lat'>5</span> <span class='ocrx_word' id='word_1_139' title='bbox 1573 2221 1637 2262; x_wconf 90' lang='lat' dir='ltr'><em>sq.</em></span> <span class='ocrx_word' id='word_1_140' title='bbox 1672 2207 1777 2251; x_wconf 85' lang='lat' dir='ltr'>Eur.</span> 
     </span>
     <span class='ocr_line' id='line_1_20' title="bbox 85 2263 902 2310; baseline 0.004 -3"><span class='ocrx_word' id='word_1_141' title='bbox 85 2263 194 2308; x_wconf 85' lang='lat' dir='ltr'>Hec.</span> <span class='ocrx_word' id='word_1_142' title='bbox 223 2269 307 2309; x_wconf 81' lang='lat'><em>285</em></span> <span class='ocrx_word' id='word_1_143' title='bbox 430 2270 454 2308; x_wconf 89' lang='grc'>9</span> <span class='ocrx_word' id='word_1_144' title='bbox 488 2266 597 2310; x_wconf 84' lang='lat' dir='ltr'>Luc.</span> <span class='ocrx_word' id='word_1_145' title='bbox 629 2265 819 2310; x_wconf 81' lang='lat' dir='ltr'><strong>Icarom.</strong></span> <span class='ocrx_word' id='word_1_146' title='bbox 847 2271 902 2310; x_wconf 84' lang='grc'><em>27</em></span> 
     </span>
    </p>
   </div>
   <div class='ocr_carea' id='block_1_8' title="bbox 95 2359 215 2362">
    <p class='ocr_par' dir='ltr' id='par_1_8' title="bbox 95 2359 215 2362">
     <span class='ocr_line' id='line_1_21' title="bbox 95 2359 215 2362; baseline 0 0"><span class='ocrx_word' id='word_1_147' title='bbox 95 2359 215 2362; x_wconf 95' lang='lat' dir='ltr'><em> </em></span> 
     </span>
    </p>
   </div>
   <div class='ocr_carea' id='block_1_9' title="bbox 218 2358 439 2365">
    <p class='ocr_par' dir='ltr' id='par_1_9' title="bbox 218 2358 439 2365">
     <span class='ocr_line' id='line_1_22' title="bbox 218 2358 439 2365; baseline 0 0"><span class='ocrx_word' id='word_1_148' title='bbox 218 2358 439 2365; x_wconf 95' lang='lat' dir='ltr'><em> </em></span> 
     </span>
    </p>
   </div>
   <div class='ocr_carea' id='block_1_10' title="bbox 84 2411 1781 3002">
    <p class='ocr_par' dir='ltr' id='par_1_10' title="bbox 84 2411 1781 3002">
     <span class='ocr_line' id='line_1_23' title="bbox 204 2411 1781 2472; baseline 0.002 -16"><span class='ocrx_word' id='word_1_149' title='bbox 204 2417 229 2455; x_wconf 87' lang='lat'>4</span> <span class='ocrx_word' id='word_1_150' title='bbox 263 2412 401 2469; x_wconf 77' lang='grc' dir='ltr'><em>ἐσμὸν</em></span> <span class='ocrx_word' id='word_1_151' title='bbox 427 2415 473 2458; x_wconf 89' lang='grc' dir='ltr'><strong><em>Ρ</em></strong></span> <span class='ocrx_word' id='word_1_152' title='bbox 500 2414 581 2457; x_wconf 80' lang='lat' dir='ltr'><em>sed</em></span> <span class='ocrx_word' id='word_1_153' title='bbox 614 2411 749 2470; x_wconf 79' lang='grc' dir='ltr'><em>ἐσμὸς</em></span> <span class='ocrx_word' id='word_1_154' title='bbox 779 2414 830 2458; x_wconf 87' lang='lat' dir='ltr'><em>in</em></span> <span class='ocrx_word' id='word_1_155' title='bbox 859 2428 995 2472; x_wconf 77' lang='lat' dir='ltr'><strong>marg</strong></span> <span class='ocrx_word' id='word_1_156' title='bbox 1017 2414 1087 2457; x_wconf 78' lang='lat' dir='ltr'><em>m²</em></span> <span class='ocrx_word' id='word_1_157' title='bbox 1208 2420 1233 2458; x_wconf 83' lang='grc' dir='ltr'><strong>ὁ</strong></span> <span class='ocrx_word' id='word_1_158' title='bbox 1266 2414 1347 2459; x_wconf 86' lang='grc' dir='ltr'><em>τὸν</em></span> <span class='ocrx_word' id='word_1_159' title='bbox 1373 2439 1427 2446; x_wconf 91' lang='lat'><em>--</em></span> <span class='ocrx_word' id='word_1_160' title='bbox 1456 2418 1555 2468; x_wconf 89' lang='grc'><em>730,</em></span> <span class='ocrx_word' id='word_1_161' title='bbox 1573 2417 1598 2456; x_wconf 88' lang='grc'><em>3</em></span> <span class='ocrx_word' id='word_1_162' title='bbox 1624 2412 1654 2457; x_wconf 80' lang='grc' dir='ltr'><em>ἄ</em></span> <span class='ocrx_word' id='word_1_163' title='bbox 1657 2416 1781 2470; x_wconf 80' lang='grc' dir='ltr'><em>φθο-</em></span> 
     </span>
     <span class='ocr_line' id='line_1_24' title="bbox 85 2472 1780 2518; baseline 0.001 -3"><span class='ocrx_word' id='word_1_164' title='bbox 85 2488 167 2516; x_wconf 84' lang='grc' dir='ltr'><em>νον</em></span> <span class='ocrx_word' id='word_1_165' title='bbox 200 2472 261 2516; x_wconf 83' lang='lat' dir='ltr'><em>ad</em></span> <span class='ocrx_word' id='word_1_166' title='bbox 292 2487 448 2516; x_wconf 83' lang='lat' dir='ltr'>versus</span> <span class='ocrx_word' id='word_1_167' title='bbox 481 2473 749 2518; x_wconf 80' lang='lat' dir='ltr'>comoediae</span> <span class='ocrx_word' id='word_1_168' title='bbox 780 2474 967 2518; x_wconf 72' lang='lat' dir='ltr'><strong>Atticae</strong></span> <span class='ocrx_word' id='word_1_169' title='bbox 998 2474 1234 2518; x_wconf 73' lang='lat' dir='ltr'><strong>revocavit</strong></span> <span class='ocrx_word' id='word_1_170' title='bbox 1265 2472 1470 2517; x_wconf 83' lang='lat' dir='ltr'><strong>Kockius</strong></span> <span class='ocrx_word' id='word_1_171' title='bbox 1494 2472 1649 2516; x_wconf 84' lang='lat' dir='ltr'>Herm.</span> <span class='ocrx_word' id='word_1_172' title='bbox 1675 2472 1780 2516; x_wconf 90' lang='lat' dir='ltr'><em>XXI</em></span> 
     </span>
     <span class='ocr_line' id='line_1_25' title="bbox 85 2530 1780 2605; baseline 0.002 -32"><span class='ocrx_word' id='word_1_173' title='bbox 85 2534 170 2574; x_wconf 84' lang='lat'><em>399</em></span> <span class='ocrx_word' id='word_1_174' title='bbox 205 2532 252 2574; x_wconf 67' lang='lat' dir='ltr'><em>et</em></span> <span class='ocrx_word' id='word_1_175' title='bbox 282 2531 355 2575; x_wconf 83' lang='lat' dir='ltr'><em>Fr.</em></span> <span class='ocrx_word' id='word_1_176' title='bbox 390 2531 513 2576; x_wconf 86' lang='lat' dir='ltr'><em>Com</em></span> <span class='ocrx_word' id='word_1_177' title='bbox 550 2531 734 2576; x_wconf 75' lang='lat' dir='ltr'>Att.111</span> <span class='ocrx_word' id='word_1_178' title='bbox 757 2537 991 2588; x_wconf 82' lang='grc'><em>667,1507</em></span> <span class='ocrx_word' id='word_1_179' title='bbox 1024 2530 1106 2578; x_wconf 87' lang='grc' dir='ltr'><em>τὸν</em></span> <span class='ocrx_word' id='word_1_180' title='bbox 1139 2532 1293 2577; x_wconf 82' lang='grc' dir='ltr'><em>πάντα</em></span> <span class='ocrx_word' id='word_1_181' title='bbox 1327 2530 1374 2577; x_wconf 75' lang='grc' dir='ltr'><em>δ’</em></span> <span class='ocrx_word' id='word_1_182' title='bbox 1411 2531 1560 2605; x_wconf 83' lang='grc' dir='ltr'><em>ὄλβον,</em></span> <span class='ocrx_word' id='word_1_183' title='bbox 1595 2530 1645 2582; x_wconf 87' lang='grc' dir='ltr'><em>ὃς</em></span> <span class='ocrx_word' id='word_1_184' title='bbox 1676 2530 1780 2588; x_wconf 79' lang='grc' dir='ltr'><em>χρό-</em></span> 
     </span>
     <span class='ocr_line' id='line_1_26' title="bbox 85 2588 1780 2662; baseline 0.001 -28"><span class='ocrx_word' id='word_1_185' title='bbox 85 2606 150 2662; x_wconf 75' lang='grc' dir='ltr'><em>νφ</em></span> <span class='ocrx_word' id='word_1_186' title='bbox 180 2606 260 2647; x_wconf 91' lang='grc' dir='ltr'><em>μοι</em></span> <span class='ocrx_word' id='word_1_187' title='bbox 290 2591 370 2634; x_wconf 82' lang='grc' dir='ltr'><em>καὶ</em></span> <span class='ocrx_word' id='word_1_188' title='bbox 402 2589 530 2649; x_wconf 84' lang='grc' dir='ltr'><em>κόπῳ</em></span> <span class='ocrx_word' id='word_1_189' title='bbox 559 2593 565 2647; x_wconf 96' lang='grc' dir='ltr'>Ι</span> <span class='ocrx_word' id='word_1_190' title='bbox 593 2593 743 2642; x_wconf 83' lang='grc' dir='ltr'><em>καλῶς</em></span> <span class='ocrx_word' id='word_1_191' title='bbox 774 2589 1027 2636; x_wconf 85' lang='grc' dir='ltr'><em>συνείλεκτ’</em></span> <span class='ocrx_word' id='word_1_192' title='bbox 1033 2588 1199 2649; x_wconf 78' lang='grc' dir='ltr'><em>,ἦμαρ</em></span> <span class='ocrx_word' id='word_1_193' title='bbox 1231 2591 1279 2636; x_wconf 79' lang='grc' dir='ltr'><em>ἕν</em></span> <span class='ocrx_word' id='word_1_194' title='bbox 1304 2589 1351 2648; x_wconf 85' lang='grc' dir='ltr'><em>μ’</em></span> <span class='ocrx_word' id='word_1_195' title='bbox 1382 2589 1609 2647; x_wconf 82' lang='grc' dir='ltr'><em>ἀφείλετο.</em></span> <span class='ocrx_word' id='word_1_196' title='bbox 1639 2594 1646 2647; x_wconf 92' lang='grc' dir='ltr'>Ι</span> <span class='ocrx_word' id='word_1_197' title='bbox 1675 2589 1780 2636; x_wconf 89' lang='grc' dir='ltr'><em>οσαι</em></span> 
     </span>
     <span class='ocr_line' id='line_1_27' title="bbox 85 2647 1781 2724; baseline 0.001 -32"><span class='ocrx_word' id='word_1_198' title='bbox 85 2649 171 2705; x_wconf 83' lang='grc' dir='ltr'><em>γὰρ</em></span> <span class='ocrx_word' id='word_1_199' title='bbox 204 2647 306 2694; x_wconf 81' lang='grc' dir='ltr'><em>ουδ’</em></span> <span class='ocrx_word' id='word_1_200' title='bbox 346 2649 558 2705; x_wconf 74' lang='grc' dir='ltr'><em>ἄκροισιν</em></span> <span class='ocrx_word' id='word_1_201' title='bbox 591 2649 915 2724; x_wconf 74' lang='grc' dir='ltr'><em>ὀφθαλμοῖς”</em></span> <span class='ocrx_word' id='word_1_202' title='bbox 888 2667 1040 2696; x_wconf 85' lang='grc' dir='ltr'><em>υπνου</em></span> <span class='ocrx_word' id='word_1_203' title='bbox 1076 2654 1082 2709; x_wconf 98' lang='grc' dir='ltr'>Ι</span> <span class='ocrx_word' id='word_1_204' title='bbox 1117 2648 1501 2707; x_wconf 82' lang='grc' dir='ltr'><em>παραγενόμενόν</em></span> <span class='ocrx_word' id='word_1_205' title='bbox 1532 2665 1605 2722; x_wconf 84' lang='grc' dir='ltr'><em>με</em></span> <span class='ocrx_word' id='word_1_206' title='bbox 1618 2650 1781 2701; x_wconf 83' lang='grc' dir='ltr'><em>νύκτες</em></span> 
     </span>
     <span class='ocr_line' id='line_1_28' title="bbox 86 2707 1774 2784; baseline 0.001 -32"><span class='ocrx_word' id='word_1_207' title='bbox 86 2707 314 2764; x_wconf 81' lang='grc' dir='ltr'><em>ἔγνωσαν,</em></span> <span class='ocrx_word' id='word_1_208' title='bbox 345 2717 522 2753; x_wconf 85' lang='grc' dir='ltr'><em>παπαῖ·</em></span> <span class='ocrx_word' id='word_1_209' title='bbox 575 2710 580 2767; x_wconf 90' lang='grc' dir='ltr'>Ι</span> <span class='ocrx_word' id='word_1_210' title='bbox 632 2723 768 2760; x_wconf 82' lang='grc' dir='ltr'><em>οσους</em></span> <span class='ocrx_word' id='word_1_211' title='bbox 797 2707 852 2754; x_wconf 78' lang='grc' dir='ltr'><em>θ’</em></span> <span class='ocrx_word' id='word_1_212' title='bbox 890 2709 1083 2784; x_wconf 80' lang='grc' dir='ltr'><em>ἑκαστης</em></span> <span class='ocrx_word' id='word_1_213' title='bbox 1112 2709 1286 2767; x_wconf 81' lang='grc' dir='ltr'><em>ἡμέρας</em></span> <span class='ocrx_word' id='word_1_214' title='bbox 1319 2707 1521 2782; x_wconf 83' lang='grc' dir='ltr'><em>ἁνέτλην</em></span> <span class='ocrx_word' id='word_1_215' title='bbox 1545 2707 1734 2763; x_wconf 84' lang='grc' dir='ltr'><em>πόνους,</em></span> <span class='ocrx_word' id='word_1_216' title='bbox 1769 2711 1774 2768; x_wconf 94' lang='grc' dir='ltr'>Ι</span> 
     </span>
     <span class='ocr_line' id='line_1_29' title="bbox 84 2766 1781 2827; baseline 0.001 -17"><span class='ocrx_word' id='word_1_217' title='bbox 84 2775 430 2824; x_wconf 84' lang='grc' dir='ltr'><em>προσμαρτυρεῖ</em></span> <span class='ocrx_word' id='word_1_218' title='bbox 458 2784 546 2824; x_wconf 89' lang='grc' dir='ltr'><em>μου</em></span> <span class='ocrx_word' id='word_1_219' title='bbox 577 2775 674 2819; x_wconf 87' lang='grc' dir='ltr'><em>τοῖς</em></span> <span class='ocrx_word' id='word_1_220' title='bbox 704 2767 858 2825; x_wconf 84' lang='grc' dir='ltr'><em>λόγοις</em></span> <span class='ocrx_word' id='word_1_221' title='bbox 891 2768 915 2813; x_wconf 97' lang='lat'><em>6</em></span> <span class='ocrx_word' id='word_1_222' title='bbox 947 2767 1117 2827; x_wconf 85' lang='grc' dir='ltr'><em>τριβων</em></span> <span class='ocrx_word' id='word_1_223' title='bbox 1150 2768 1238 2813; x_wconf 83' lang='grc' dir='ltr'><em>ὁδί.</em></span> <span class='ocrx_word' id='word_1_224' title='bbox 1282 2771 1288 2823; x_wconf 95' lang='grc' dir='ltr'>Ι</span> <span class='ocrx_word' id='word_1_225' title='bbox 1337 2766 1446 2820; x_wconf 81' lang='grc' dir='ltr'><em>ὅσας</em></span> <span class='ocrx_word' id='word_1_226' title='bbox 1476 2766 1521 2812; x_wconf 85' lang='grc' dir='ltr'><em>δ’</em></span> <span class='ocrx_word' id='word_1_227' title='bbox 1559 2766 1781 2820; x_wconf 83' lang='grc' dir='ltr'><em>ἀπόσιτος</em></span> 
     </span>
     <span class='ocr_line' id='line_1_30' title="bbox 84 2821 1774 2898; baseline 0.002 -29"><span class='ocrx_word' id='word_1_228' title='bbox 84 2824 257 2882; x_wconf 81' lang='grc' dir='ltr'><em>ἡμέρας</em></span> <span class='ocrx_word' id='word_1_229' title='bbox 282 2826 534 2898; x_wconf 76' lang='grc' dir='ltr'><em>διήγαγον·</em></span> <span class='ocrx_word' id='word_1_230' title='bbox 586 2829 593 2883; x_wconf 98' lang='grc' dir='ltr'>Ι</span> <span class='ocrx_word' id='word_1_231' title='bbox 643 2827 684 2871; x_wconf 85' lang='grc' dir='ltr'><em>εἰ</em></span> <span class='ocrx_word' id='word_1_232' title='bbox 715 2827 767 2872; x_wconf 83' lang='grc' dir='ltr'><em>δέ</em></span> <span class='ocrx_word' id='word_1_233' title='bbox 797 2843 910 2872; x_wconf 84' lang='grc' dir='ltr'><em>ποτε</em></span> <span class='ocrx_word' id='word_1_234' title='bbox 942 2829 1022 2872; x_wconf 80' lang='grc' dir='ltr'><em>καὶ</em></span> <span class='ocrx_word' id='word_1_235' title='bbox 1051 2834 1227 2884; x_wconf 89' lang='grc' dir='ltr'><em>τροφῆς</em></span> <span class='ocrx_word' id='word_1_236' title='bbox 1257 2826 1472 2884; x_wconf 83' lang='grc' dir='ltr'><em>δεοίμην,</em></span> <span class='ocrx_word' id='word_1_237' title='bbox 1504 2826 1644 2883; x_wconf 82' lang='grc' dir='ltr'><em>ἄρτος</em></span> <span class='ocrx_word' id='word_1_238' title='bbox 1674 2821 1773 2886; x_wconf 88' lang='grc' dir='ltr'><em>ἦν</em></span> <span class='ocrx_word' id='word_1_239' title='bbox 1770 2829 1774 2864; x_wconf 74' lang='grc' dir='ltr'>Ι</span> 
     </span>
     <span class='ocr_line' id='line_1_31' title="bbox 85 2882 1780 2958; baseline 0.001 -31"><span class='ocrx_word' id='word_1_240' title='bbox 85 2882 223 2940; x_wconf 78' lang='grc' dir='ltr'><em>μέλας</em></span> <span class='ocrx_word' id='word_1_241' title='bbox 251 2882 294 2927; x_wconf 90' lang='grc' dir='ltr'><em>τ’</em></span> <span class='ocrx_word' id='word_1_242' title='bbox 296 2886 531 2958; x_wconf 83' lang='grc' dir='ltr'><em>ἀκριβῶς</em></span> <span class='ocrx_word' id='word_1_243' title='bbox 560 2886 641 2930; x_wconf 81' lang='grc' dir='ltr'><em>καὶ</em></span> <span class='ocrx_word' id='word_1_244' title='bbox 671 2888 1004 2943; x_wconf 81' lang='grc' dir='ltr'><em>κατεσκληκώς,</em></span> <span class='ocrx_word' id='word_1_245' title='bbox 1036 2885 1185 2931; x_wconf 79' lang='grc' dir='ltr'><em>λίθων</em></span> <span class='ocrx_word' id='word_1_246' title='bbox 1213 2888 1218 2945; x_wconf 98' lang='grc' dir='ltr'>Ι</span> <span class='ocrx_word' id='word_1_247' title='bbox 1247 2886 1386 2931; x_wconf 80' lang='grc' dir='ltr'><em>οὐδὲν</em></span> <span class='ocrx_word' id='word_1_248' title='bbox 1412 2885 1667 2942; x_wconf 82' lang='grc' dir='ltr'><em>διαφέρων,</em></span> <span class='ocrx_word' id='word_1_249' title='bbox 1698 2887 1780 2931; x_wconf 76' lang='grc' dir='ltr'><em>καὶ</em></span> 
     </span>
     <span class='ocr_line' id='line_1_32' title="bbox 85 2937 1776 3002; baseline 0.002 -16"><span class='ocrx_word' id='word_1_250' title='bbox 85 2942 229 2988; x_wconf 90' lang='grc' dir='ltr'><em>ποτόν</em></span> <span class='ocrx_word' id='word_1_251' title='bbox 262 2940 309 3000; x_wconf 81' lang='grc' dir='ltr'><em>γ’</em></span> <span class='ocrx_word' id='word_1_252' title='bbox 338 2937 398 2999; x_wconf 84' lang='grc' dir='ltr'><em>ἦν</em></span> <span class='ocrx_word' id='word_1_253' title='bbox 431 2944 685 3001; x_wconf 80' lang='grc' dir='ltr'><em>σύμμετρον</em></span> <span class='ocrx_word' id='word_1_254' title='bbox 713 2947 718 3001; x_wconf 93' lang='grc' dir='ltr'>Ι</span> <span class='ocrx_word' id='word_1_255' title='bbox 747 2945 886 3001; x_wconf 81' lang='grc' dir='ltr'><em>υδωρ,</em></span> <span class='ocrx_word' id='word_1_256' title='bbox 920 2945 949 2991; x_wconf 79' lang='grc' dir='ltr'>ὅ</span> <span class='ocrx_word' id='word_1_257' title='bbox 977 2962 1055 3002; x_wconf 88' lang='grc' dir='ltr'><em>μοι</em></span> <span class='ocrx_word' id='word_1_258' title='bbox 1085 2946 1136 2989; x_wconf 87' lang='grc' dir='ltr'><em>τὸ</em></span> <span class='ocrx_word' id='word_1_259' title='bbox 1171 2944 1321 3001; x_wconf 83' lang='grc' dir='ltr'><em>φρέαρ</em></span> <span class='ocrx_word' id='word_1_260' title='bbox 1355 2943 1509 3002; x_wconf 83' lang='grc' dir='ltr'><em>ἀνίησ’</em></span> <span class='ocrx_word' id='word_1_261' title='bbox 1541 2945 1776 3002; x_wconf 77' lang='grc' dir='ltr'><em>ἄφθονον.</em></span> 
     </span>
    </p>
   </div>
   <div class='ocr_carea' id='block_1_11' title="bbox 1829 1124 1849 1157">
    <p class='ocr_par' dir='ltr' id='par_1_11' title="bbox 1829 1124 1849 1157">
     <span class='ocr_line' id='line_1_33' title="bbox 1829 1124 1849 1157; baseline 0 0"><span class='ocrx_word' id='word_1_262' title='bbox 1829 1124 1849 1157; x_wconf 85' lang='grc'>5</span> 
     </span>
    </p>
   </div>
   <div class='ocr_carea' id='block_1_12' title="bbox 1806 1569 1849 1602">
    <p class='ocr_par' dir='ltr' id='par_1_12' title="bbox 1806 1569 1849 1602">
     <span class='ocr_line' id='line_1_34' title="bbox 1806 1569 1849 1602; baseline -0.023 0"><span class='ocrx_word' id='word_1_263' title='bbox 1806 1569 1849 1602; x_wconf 85' lang='grc'><em>10</em></span> 
     </span>
    </p>
   </div>
  </div>
 </body>
</html>
