2014 3158
156 1102 200 1134 10

224 141 333 194 486
663 139 847 183 LIBAN
852 139 891 184 11
920 139 1312 184 DECLAMATIO
1345 139 1490 183 XLIV

224 290 310 329 ται
350 278 480 338 τοὺς
519 273 686 344 ἐμοὺς
723 278 947 344 πόνους,
986 277 1082 337 τὰς
1121 275 1252 345 ἐμὰς
1290 274 1624 344 ἀγρυπνίας,
1663 274 1726 329 ἐν
1765 277 1920 340 ὅσαις

223 362 322 433 μὲν
377 365 580 428 αὐτοὺς
633 366 845 433 ἤσκουν
898 363 1170 433 μελέταις,
1227 364 1374 427 ὅπως
1428 363 1476 416 δ’
1533 364 1733 434 ἐτίμων
1787 367 1919 428 τοὺς

223 453 496 523 ἀγαθούς,
553 453 700 516 ὅπως
754 451 802 506 δ’
861 451 1231 523 ἑπηνώρθουν
1299 455 1430 516 τοὺς
1493 455 1566 522 μὴ
1632 455 1919 516 τοιούτους

223 545 451 613 καιροὺς
499 541 855 612 παρατάξεων
902 545 1099 610 ζητῶν,
1147 544 1366 611 χωρίων
1413 544 1764 610 καταλήψεις,
1812 562 1919 611 φυ-

225 633 397 700 λακὴν
434 639 535 684 τοῦ
574 633 646 700 μὴ
687 637 919 698 παθεῖν,
967 631 1222 684 ἐπίνοιαν
1261 638 1360 684 τοῦ
1402 632 1625 700 δρᾶσαι,
1677 630 1919 699 ἐνέδρας,

222 721 595 789 βουλεύματα,
650 723 1044 790 παρακλήσεις,
1108 719 1306 789 μάχας,
1361 721 1457 782 τὰς
1510 721 1587 782 εἰς
1640 721 1701 772 τὸ
1756 726 1919 772 νικᾶν

224 809 488 879 ἀφορμάς.
541 809 623 862 10.
663 811 903 876 νομίζων
943 806 1003 861 δὲ
1043 810 1164 861 δεῖν
1202 809 1302 862 τὸν
1341 810 1572 875 ἄριστον
1612 809 1920 877 στρατηγὸν

222 900 293 967 μὴ
333 906 433 951 τοῦ
472 895 575 965 μὲν
613 896 713 962 ἔξω
754 906 975 967 κρατεῖν
1015 894 1162 967 ἔχειν
1201 899 1492 966 πρόνοιαν,
1532 906 1643 951 τῶν
1688 895 1748 950 δὲ
1788 903 1918 950 εἴσω

222 991 436 1057 τείχους
465 987 810 1056 ἠμεληκέναι,
835 989 967 1050 τοὺς
992 988 1198 1056 νόμους
1232 984 1364 1039 οὐδὲ
1395 988 1667 1056 πρότερον
1698 986 1921 1054 ἀγνοῶν

223 1075 331 1130 τότ’
380 1078 608 1143 ἄμεινον
646 1074 919 1129 ἔσπευδον
958 1075 1166 1129 εἰδέναι
1205 1075 1296 1128 καὶ
1336 1077 1550 1129 τούτων
1587 1074 1759 1129 πλέον
1798 1076 1921 1128 ὅσοι

224 1167 315 1220 διὰ
354 1175 465 1218 τῶν
516 1165 976 1233 στρατηγούντων
1023 1163 1285 1218 ἐθέλουσι
1332 1167 1718 1233 βεβαιοῦσθαι.
1763 1163 1921 1234 ᾔδειν

225 1256 327 1324 γὰρ
368 1255 441 1318 ὡς
479 1255 512 1323 ἡ
552 1256 712 1316 πόλις
751 1263 863 1306 τῶν
900 1251 1003 1322 μὲν
1041 1257 1324 1322 πολεμίων
1371 1255 1634 1321 κρείττων
1683 1252 1798 1306 ἐστὶ
1838 1252 1921 1306 δι’

226 1340 304 1398 ὧν
336 1345 624 1396 διοικεῖται
657 1345 862 1410 νόμων,
894 1343 1111 1395 τούτων
1143 1339 1277 1410 <δὲ>
1310 1342 1528 1396 ἀτακτεῖ
1562 1342 1921 1411 κινουμένων.

225 1504 511 1560 παιδεύομαι
535 1502 563 1559 ἢ
590 1502 804 1559 ἰατρικὴν
827 1501 855 1558 ἢ
881 1503 1023 1559 ἄλλην
1055 1503 1162 1547 τινὰ
1194 1501 1456 1560 γυμνασίαν
1488 1503 1723 1561 αἰτιατικῇ
1756 1503 1817 1554 ὡς
1841 1503 1922 1546 καὶ

227 1562 451 1622 Λιβάνιος
482 1562 599 1607 citat
631 1564 793 1607 aucssor
831 1562 983 1606 libelli
1015 1562 1073 1607 de
1107 1562 1454 1607 construcssionc
1487 1562 1605 1606 editi
1637 1576 1665 1605 a
1698 1561 1751 1606 G.
1783 1561 1921 1606 Herr-

225 1637 395 1667 manno
428 1623 485 1666 de
518 1623 696 1666 emend.
721 1624 808 1666 rat.
835 1635 1029 1679 gramm.
1055 1637 1100 1678 p.
1129 1627 1229 1677 362,
1249 1627 1274 1664 5
1311 1636 1450 1678 quem
1481 1637 1509 1665 a
1532 1622 1777 1678 Lacapeno
1807 1635 1922 1678 pen-

226 1684 335 1728 dere
368 1681 529 1726 docuiss
553 1681 731 1739 Sigfrid
754 1681 1011 1735 Lindstam‚
1039 1681 1205 1738 Georg.
1231 1681 1401 1738 Lacap.
1427 1681 1657 1738 epistulae
1682 1696 1726 1738 p.
1753 1679 1923 1724 XXXII

227 1744 274 1786 et
297 1768 353 1775 —-
386 1746 491 1795 486,
513 1746 538 1785 3
583 1741 824 1791 τοιούτους
861 1740 1132 1797 praemissis
1175 1740 1329 1785 verbis
1374 1741 1627 1796 ἐπανορθῶ
1672 1740 1920 1797 αἰτιατικῇ,

227 1802 287 1853 ὡς
318 1801 397 1845 καὶ
428 1799 655 1859 Λιβάνιος
685 1800 811 1843 idem
842 1799 904 1843 ib.
938 1815 982 1856 p.
1011 1804 1111 1854 385,
1131 1805 1156 1843 2

348 1910 370 1947 1
406 1902 530 1956 ὅσοις
560 1904 724 1960 Doxap
847 1910 872 1948 2
905 1904 1046 1954 αὐτὸς
1072 1906 1135 1948 Μ
1161 1904 1243 1947 sed
1276 1921 1299 1948 ο
1333 1904 1382 1947 in
1415 1920 1469 1948 ov
1503 1918 1604 1948 corr
1627 1903 1697 1946 m²
1758 1904 1923 1954 αὐταῖς

228 1964 389 2020 Doxap
426 1964 433 2022 Ι
467 1962 511 2006 δ’
549 1962 715 2019 ἐτίμων
740 1989 796 1995 -
822 1968 846 2005 3
881 1961 927 2006 δ’
963 1978 1038 2007 om
1071 1963 1232 2019 Doxap
1269 1965 1274 2019 Ι
1312 1964 1362 2008 δὲ
1388 1965 1434 2008 B
1445 1965 1514 2008 Va
1634 1967 1659 2006 3
1693 1963 1743 2006 δὲ
1768 1963 1920 2006 LMB

236 2024 305 2067 Va
338 2023 429 2066 edd
456 2026 462 2076 Ι
490 2023 812 2077 ἐπεινώρθουν
838 2024 913 2067 La
946 2023 1027 2067 scd
1061 2038 1100 2066 ει
1130 2023 1181 2066 in
1206 2040 1233 2078 η
1260 2037 1361 2066 corr
1384 2038 1420 2079 p
1447 2024 1494 2067 et
1517 2037 1547 2065 κ
1611 2021 1923 2076 ἐπανώρθουν

227 2082 308 2126 lib.
343 2082 400 2126 de
433 2083 599 2125 constr.
630 2083 636 2136 Ι
664 2082 745 2140 μὴ]
778 2083 833 2126 οὐ
862 2082 959 2127 OZB
972 2083 1040 2126 Va
1102 2083 1157 2126 οὐ
1190 2081 1250 2138 μὴ
1290 2082 1381 2126 edd
1442 2083 1497 2126 οὐ
1531 2080 1683 2126 delevi
1715 2095 1821 2125 cum
1850 2080 1922 2123 Ia.-

230 2140 386 2185 cobsio
404 2141 516 2184 Lech
577 2142 659 2183 aut
691 2141 746 2184 οὐ
780 2143 863 2185 aut
886 2141 946 2198 μὴ
977 2140 1227 2185 delendum
1250 2141 1371 2185 vidit
1395 2140 1551 2185 Gasda
1671 2145 1699 2182 4
1730 2139 1924 2195 καιροὺς

228 2199 534 2256 παρατάξεων
566 2213 640 2243 om
672 2198 836 2257 Doxap
885 2202 891 2256 Ι
942 2199 1246 2254 παρατάξεων
1272 2202 1346 2244 La
1378 2201 1461 2245 ssd
1493 2202 1578 2256 α(1
1613 2201 1660 2243 et
1691 2201 1734 2255 2)
1759 2199 1809 2242 in
1847 2212 1921 2242 ras

229 2261 259 2314 f
294 2262 305 2333 J
355 2262 500 2315 ζητῶν
537 2258 663 2302 inser
694 2259 786 2303 Va²
847 2273 920 2303 om
950 2259 1207 2304 MLaViCl
1237 2259 1401 2317 Doxap
1546 2263 1571 2302 5
1608 2259 1792 2316 „malim
1822 2258 1922 2302 ἐπι-

232 2320 389 2369 νοιας“
423 2318 491 2362 Re
541 2320 546 2374 Ι
596 2319 768 2419 δρὲζισαι
791 2320 834 2363 L
866 2319 948 2362 sed
983 2318 1051 2375 γρ’
1085 2322 1294 2374 θραῦσαι
1331 2319 1380 2362 in
1412 2332 1547 2376 marg
1690 2322 1713 2360 7
1754 2315 1921 2373 νομίζω

686 2395 712 2420 ν

231 2422 392 2478 Doxap
420 2424 427 2478 Ι
455 2430 725 2478 στρατηγεῖν
749 2423 874 2465 BVa
995 2426 1020 2465 8
1052 2429 1145 2466 τῶν
1172 2423 1269 2467 OlB
1283 2423 1352 2466 Va
1386 2423 1391 2477 Ι
1435 2420 1518 2474 ἔξω
1547 2421 1598 2466 C'l
1718 2425 1743 2464 9
1776 2419 1923 2476 μηδὲν

232 2481 395 2537 Doxap
445 2483 450 2537 Ι
478 2482 610 2535 ,πρὶν
635 2483 681 2526 B
692 2482 760 2525 Va
907 2486 959 2524 10
997 2480 1093 2525 τότ’
1132 2480 1299 2537 scripsi
1330 2494 1355 2524 6
1386 2481 1550 2537 Doxap
1692 2476 1778 2524 εἶτ’
1813 2478 1923 2522 libri

233 2540 314 2584 sed
351 2539 403 2583 τὸ
444 2536 543 2583 εἶτα
581 2539 726 2596 ἀργόν
765 2540 814 2583 in
853 2554 987 2597 marg
1011 2542 1074 2595 L,
1116 2541 1207 2584 edd
1257 2545 1262 2594 ι
1312 2540 1504 2589 τούτους
1540 2539 1651 2583 Feri·
1681 2539 1783 2582 Mor

236 2604 285 2642 11
322 2606 587 2655 στρατηγῶν
617 2599 780 2654 Doxap
907 2605 957 2642 12
990 2599 1019 2655 ἡ
1052 2613 1128 2643 om
1159 2599 1261 2643 Mor
1288 2602 1293 2655 Ι
1329 2600 1357 2656 ἡ
1390 2598 1473 2654 μὲν
1495 2597 1628 2649 πόλις
1651 2599 1695 2642 L
1728 2597 1809 2641 sed
1840 2594 1924 2654 μὲν

235 2657 330 2711 dcl,
362 2659 408 2702 B
459 2660 465 2713 Ι
514 2658 608 2702 ἐστὶ
646 2655 710 2702 δι’
748 2655 812 2701 ὧν
851 2661 1095 2703 διοικεῖται
1134 2658 1299 2714 scripsi
1339 2660 1527 2701 auctore
1565 2656 1776 2701 Iacobsio
1815 2656 1921 2712 App

234 2717 345 2760 Pors
379 2721 462 2760 327
500 2717 613 2760 Lect
690 2716 795 2761 ἐστί.
830 2714 894 2760 δι’
931 2715 996 2761 ὧν
1035 2718 1086 2761 δὲ
1128 2718 1323 2761 οἰκεῖται
1364 2718 1625 2772 (διοικεῖται
1658 2717 1773 2772 OlB)
1813 2714 1924 2758 libri

235 2775 396 2832 Doxap
540 2781 594 2819 13
635 2773 686 2819 δὲ
727 2776 917 2820 ἀτακτεῖ
953 2776 1119 2833 scripsi
1159 2778 1347 2820 auctore
1385 2775 1595 2819 Iacobsio
1671 2775 1929 2831 ἀγανακτεῖ

236 2834 310 2878 La
341 2835 423 2878 sed
460 2847 536 2878 ras
569 2840 683 2878 2-3
715 2834 795 2877 libb
836 2837 943 2878 ante
976 2836 1019 2888 ἀ,
1056 2836 1168 2880 Vim
1206 2835 1287 2878 scd
1325 2835 1375 2877 in
1414 2835 1502 2878 hoc
1535 2835 1565 2877 ἀ
1596 2834 1646 2877 in
1679 2847 1754 2877 ras
1788 2838 1813 2876 3
1845 2832 1924 2876 litt

236 2895 288 2996 5}
314 2900 359 2937 εῖ
371 2894 436 2995 dig
467 2906 543 2936 ras
574 2893 656 2947 m',
689 2894 854 2949 Doxap
932 2895 1017 2938 οὐκ
1053 2895 1276 2950 ἀγανκτεῖ
1298 2895 1342 2938 L
1417 2894 1501 2937 οὐκ
1541 2893 1795 2949 ἀγανακτεῖ
1819 2893 1922 2935 ΜΒ

283 2966 313 2995 a
343 2966 367 2995 6
