2044 3168
47 98 343 145 PAUPERIS
374 97 492 143 PRO
526 90 749 141 PATRIA
781 97 935 142 MORI
966 96 1280 142 CUPIENTIS
1313 97 1536 143 ORATIO
1635 98 1738 151 189

49 235 336 305 ἐγράφετο,
376 232 572 304 ἔκρινε.
638 234 722 286 10.
760 233 909 302 κάγὼ
956 230 1061 299 μὲν
1097 234 1207 287 ὑπό
1246 253 1305 286 τε
1344 242 1439 303 τῆς
1478 234 1748 303 ἀληθείας

48 323 138 378 καὶ
178 334 289 377 τῶν
327 325 514 393 νόμων
555 322 855 391 ἐσωζόμην,
901 328 976 395 τῷ
1018 319 1079 375 δὲ
1119 322 1148 376 ὁ
1188 325 1391 391 μισθὸς
1440 323 1742 377 ἀπώλλυτο.

50 416 217 482 γνοὺς
270 416 466 466 τοίνυν
520 412 593 474 ὡς
648 412 895 478 οὐδαμοῦ
950 411 1251 474 τοσούτους
1305 412 1523 482 εὑρήσει
1582 427 1744 465 συκο-

50 503 287 572 φάντας,
343 502 466 556 ὅσοι
522 498 773 554 δύναιντ’
824 500 895 553 ἂν
941 499 1206 568 γενέσθαι
1253 510 1365 554 τῶν
1409 503 1746 571 πραγμάτων

51 593 417 662 ἰσχυρότεροι,
470 585 617 644 εἶδεν
664 590 737 653 ὡς
782 591 879 658 μία
925 592 1066 658 μόνη
1119 590 1357 643 λείπεται
1403 591 1540 658 πρὸς
1578 598 1742 644 τοῦτο
1791 611 1812 645 s

49 682 261 750 μηχανὴ
300 688 363 750 τῇ
405 681 559 733 πόλει
598 679 700 749 μὲν
740 678 995 748 ἀκαιρίαν
1033 687 1374 747 περιστῆσαι,
1414 681 1476 732 τὸ
1517 679 1578 732 δὲ
1609 681 1745 746 πρὸς

49 770 256 837 ταύτην
297 770 577 822 δύνασθαι
616 771 852 837 βοηθεῖν
892 767 1063 821 αὑτοῦ
1103 775 1347 837 ποιῆσαι,
1382 767 1456 821 ἵν’
1503 768 1531 821 ὁ
1574 769 1746 838 δῆμος

51 866 124 931 τῷ
167 857 387 930 χρῄζειν
432 865 528 926 τῆς
575 858 843 926 ὠφελείας
897 856 1103 928 ἀντιὸςό
1150 877 1202 910 τι
1250 866 1362 911 τῶν
1416 857 1606 929 ἐκείνῳ
1655 859 1746 910 δο-

50 949 317 1001 κούντων.
360 948 442 1000 11.
481 948 537 1000 τί
575 943 678 1000 οὖν
716 955 885 1011 ποιεῖς
933 948 1178 1016 χρήματα
1216 947 1394 1000 πολλὰ
1432 944 1574 1016 ἔχων
1614 961 1746 1000 συν-

51 1045 271 1090 εωνεῖτο
320 1044 476 1090 σῖτον
520 1036 669 1106 παρά
714 1055 772 1088 τε
818 1045 931 1088 τῶν
978 1035 1234 1105 ἐμπόρων
1279 1034 1370 1088 καὶ
1421 1045 1531 1089 τῶν
1578 1036 1639 1090 ἐν
1677 1045 1751 1109 τῷ
1772 1057 1814 1090 ιο

51 1135 318 1194 γεωργεῖν
366 1125 502 1178 ὅσον
547 1130 821 1178 πλεῖστον.
875 1123 967 1176 καὶ
1017 1123 1119 1177 οὐκ
1166 1120 1236 1193 ἦν
1282 1126 1354 1187 ὡς
1401 1127 1575 1178 εἰπεῖν
1616 1123 1748 1179 οὐδὲ

52 1215 112 1267 τὸ
154 1216 521 1283 σμικρότατον
562 1213 727 1286 ἑτέρῳ
761 1216 1050 1283 πρίασθαι,
1091 1212 1209 1267 ἀλλ’
1249 1215 1301 1267 οἱ
1333 1222 1434 1267 τοῦ
1472 1218 1747 1268 πλουσίου

50 1304 253 1357 τούτου
292 1311 591 1373 πανταχοῦ,
633 1302 694 1356 ἐν
732 1312 850 1366 τοῖς
889 1301 1129 1372 λιμέσιν,
1178 1301 1239 1356 ἐν
1277 1313 1393 1366 τοῖς
1432 1302 1647 1372 ἀγροῖς,
1689 1302 1750 1356 ἐν

53 1391 188 1463 μέσῃ
229 1401 293 1462 τῇ
333 1395 506 1460 πόλει,
547 1392 830 1462 τρέχοντες
869 1391 1129 1461 ἐπρίαντο
1171 1401 1281 1445 πᾶν
1311 1393 1372 1446 τὸ
1407 1396 1749 1463 φαινόμενον

52 1481 184 1535 οὐδὲ
237 1480 506 1551 μέδιμνον
559 1481 857 1551 παριέντες.
925 1482 1007 1533 12.
1048 1482 1119 1544 ὡς
1167 1482 1228 1534 δὲ
1274 1478 1344 1550 ἧν
1390 1481 1539 1553 αὐτῷ
1579 1482 1746 1551 μεστὰ
1774 1504 1815 1536 15

56 1580 250 1641 πυρῶν
290 1572 356 1623 τὰ
395 1579 610 1638 ταμιεῖα
642 1574 738 1624 καί
763 1591 816 1624 τι
848 1572 995 1641 παρὰ
1026 1580 1138 1624 τῶν
1170 1571 1332 1640 ὡρῶν
1363 1570 1748 1640 ἀντέκρουσεν,

54 1659 299 1713 ἐνταῦθα
352 1661 456 1729 ἤδη
514 1660 872 1713 διακαλύπτει
932 1660 993 1713 τὸ
1049 1661 1294 1728 σόφισμα
1347 1658 1438 1713 καὶ
1493 1658 1580 1731 ἐφ’
1642 1660 1748 1733 ὅτῳ

52 1747 208 1803 πάντ’
263 1747 448 1802 ἐκεῖνα
497 1746 763 1818 ἔπραττεν
819 1749 1088 1816 ὁμολογεῖ.
1151 1748 1589 1817 συνειλεγμένων
1645 1752 1748 1819 γὰρ

53 1837 210 1906 ὑμῶν
266 1839 343 1900 εἰς
399 1837 693 1906 ἐκκλησίαν
754 1837 843 1891 καὶ
898 1836 1024 1907 περὶ
1085 1838 1299 1890 τούτων
1354 1837 1751 1905 σκοπουμένων

57 1927 282 1995 φθάσας
320 1929 450 1990 τοὺς
489 1927 840 1980 οὐδεπώποτε
880 1927 1042 1995 ἡμᾶς,
1083 1923 1125 1980 ὦ
1165 1929 1368 1996 βουλή,
1410 1926 1750 1996 προεμένους
1774 1950 1818 1982 20

175 2034 200 2071 2
232 2029 309 2072 καὶ
345 2042 419 2072 om
444 2030 490 2073 Β
502 2029 570 2073 Va
714 2033 740 2072 5
766 2025 984 2073 ,λείπεται
1014 2027 1134 2085 μόνη
1159 2028 1206 2071 Β
1240 2030 1246 2084 Ι
1282 2027 1399 2085 μόνη
1433 2042 1508 2072 om
1543 2029 1610 2073 Va

57 2092 81 2130 7
116 2088 260 2131 αὐτοῦ
285 2089 340 2132 H
348 2089 463 2133 VVa
498 2088 589 2131 edd
668 2087 901 2144 scriptura
939 2088 987 2131 in
1015 2089 1076 2133 Or
1106 2087 1286 2132 incerta
1429 2092 1454 2131 8
1491 2087 1675 2147 χρήζειν
1699 2089 1757 2132 Η

57 2148 182 2192 BVa
230 2149 237 2203 Ι
286 2145 330 2190 τί
354 2148 413 2192 H
420 2148 483 2191 Va
630 2152 680 2190 11
722 2147 935 2191 ὡσειπεῖν
960 2148 1005 2191 Β
1153 2152 1205 2191 12
1238 2145 1476 2203 πρίασθαι
1507 2147 1694 2204 reposui
1726 2161 1750 2191 e

56 2206 189 2250 libris
233 2221 339 2251 cum
383 2205 557 2250 Cobeto
601 2206 720 2250 Misc
754 2211 836 2250 156
913 2210 1148 2262 πριᾶσθαι
1190 2206 1282 2251 edd
1427 2211 1482 2250 14
1528 2205 1750 2262 ἐπρίαντο

58 2265 224 2322 scripsi
254 2268 308 2309 ut
340 2266 446 2310 coni
478 2266 544 2310 Re
577 2267 624 2309 et
648 2265 848 2309 Cobetus
873 2265 902 2308 l.
928 2265 959 2308 1.
1024 2266 1248 2320 ἐπριῶντο
1282 2265 1391 2309 libri
1424 2266 1515 2310 edd
1543 2271 1549 2322 Ι
1576 2273 1674 2310 πᾶν
1697 2266 1749 2310 τὸ

59 2323 346 2381 φαινόμενον
371 2324 537 2381 scripsi
562 2338 586 2369 e
606 2325 723 2370 CrH
728 2325 772 2369 V
826 2324 877 2368 τὸ
902 2323 1191 2381 φαινόμενον
1215 2331 1311 2369 πᾶν
1330 2326 1440 2370 ΒΜ
1448 2326 1514 2370 Va
1540 2324 1631 2369 edd

60 2388 115 2428 15
147 2383 388 2439 μεθιέντες
413 2386 471 2428 Μ
502 2385 580 2427 sed
615 2401 669 2439 γρ
702 2382 944 2438 παριέντες
974 2384 1023 2427 in
1055 2398 1210 2442 marg,
1244 2385 1314 2428 Va
1354 2387 1401 2428 et
1440 2401 1494 2441 γρ
1535 2384 1585 2427 in
1615 2397 1752 2458 marg

58 2442 160 2487 Mor
186 2445 193 2499 Ι
221 2443 362 2499 μεστὰ
393 2444 516 2502 αὐτῷ
540 2443 598 2486 Μ
609 2444 675 2487 Va
708 2442 809 2486 Mor
869 2440 967 2498 μετ’
997 2444 1142 2488 αὐτοῦ
1168 2446 1214 2488 Β
1338 2448 1391 2487 16
1426 2442 1563 2487 σίτων
1586 2445 1632 2487 Β
1660 2446 1666 2499 1
1693 2460 1751 2487 τοι

59 2515 135 2546 om
158 2503 204 2546 B
233 2507 239 2556 Ι
266 2509 451 2558 ταμιεῖα
482 2501 648 2558 scripsi
679 2515 704 2546 e
732 2502 970 2547 OrHVVa
1029 2510 1198 2560 ταμεῖα
1223 2504 1334 2547 ΒΜ
1362 2503 1451 2546 edd
1480 2507 1487 2559 Ι
1522 2501 1676 2547 καίτοι
1699 2503 1760 2547 Η

69 2561 113 2605 V
170 2562 352 2617 „malim
383 2561 464 2605 καὶ
494 2560 578 2604 τὰ“
615 2561 680 2604 Re
721 2563 727 2616 Ι
762 2562 843 2605 καὶ
875 2564 983 2606 ante
1013 2562 1142 2616 παρὰ
1170 2563 1288 2607 OrH
1293 2563 1337 2606 V
1452 2566 1506 2605 18
1540 2561 1756 2619 ὁμολογεῖ

61 2619 224 2677 scripsi
294 2618 515 2696 ὡμολόγει
545 2620 654 2664 libri
686 2620 776 2663 edd
915 2625 968 2664 19
1001 2620 1131 2678 ἡμῶν
1155 2622 1261 2666 HV
1390 2624 1446 2664 20
1478 2622 1586 2671 τοὺς
1618 2622 1752 2666 οὐδε-

60 2679 244 2724 πώποτε
276 2679 411 2736 ἡμᾶς,
436 2698 471 2722 ω
496 2678 652 2737 βουλή,
676 2677 960 2735 προεμένους
983 2677 1181 2735 ῥήτορας
1204 2679 1372 2736 scripsi
1433 2679 1615 2725 οὐδέπω
1640 2679 1752 2724 ποτὲ

59 2738 181 2794 ἡμᾶς
220 2739 356 2794 (ὑμᾶς
382 2739 442 2784 Gr
473 2738 552 2782 sed
585 2754 613 2782 v
652 2737 922 2794 incertum),
960 2735 995 2782 ὦ
1028 2739 1191 2797 βουλὴ,
1230 2738 1516 2795 προεμένους
1553 2736 1752 2794 ῥήτορας

64 2797 304 2843 GrHVVa
373 2797 488 2841 οὐδὲ,
512 2797 697 2841 πώποτε
729 2797 849 2852 ὑμᾶς
878 2797 1162 2853 προεμένους
1185 2793 1219 2842 ὦ
1253 2797 1392 2858 βουλὴ
1426 2794 1623 2853 ῥήτορας
1646 2799 1692 2842 Β

63 2854 201 2901 οὐδέν
239 2872 310 2900 πω
350 2857 457 2907 τοὺς
497 2853 694 2911 ῥήτορας
731 2856 852 2913 ἡμᾶς
888 2856 1173 2913 προεμένους
1212 2855 1531 2915 (προειμένους
1562 2857 1669 2913 edd)
1694 2857 1757 2900 M

63 2914 154 2958 edd
186 2915 268 2959 sed
298 2916 405 2966 τοὺς
445 2916 740 2960 οὐδεπώποτε
780 2916 920 2971 ὑμᾶς,
961 2912 996 2959 ὦ
1028 2916 1192 2974 βουλή,
1231 2915 1516 2973 προεμένους
1554 2913 1753 2972 ῥήτορας
