2020 3146
191 152 263 205 30
619 151 846 196 LIBANII
876 151 1266 197 DECLAMATIO
1298 152 1446 196 XXXl

190 302 373 341 τωσαν
421 289 654 350 ἅπαντες
701 289 777 350 εἰς
823 288 883 340 τὸ
923 286 1105 356 μηκέτ’
1152 282 1309 341 εἶναι.
1355 292 1561 357 πολλῆς
1610 291 1715 360 γὰρ
1755 289 1883 360 ἐπη-

192 378 339 445 ρείας
378 378 616 429 κωλύειν
656 376 683 429 ὃ
723 378 823 430 τὸν
861 373 963 445 μὲν
1008 378 1248 445 λαβόντα
1294 377 1608 447 εὐφραίνει,
1655 379 1885 447 βλάπτει

193 467 253 519 δὲ
292 475 402 519 τῶν
442 468 625 518 ἄλλων
664 465 832 519 οὐδὲν
872 465 1089 519 οὐδένα.
1131 466 1215 518 39.
1257 466 1357 536 οὐχ
1393 468 1611 520 ἱκετεύω
1645 470 1882 538 τήμερον

190 555 493 623 ἀπολαβεῖν
529 556 624 617 τὰς
663 556 839 623 χιλίας
876 555 926 623 ἤ,
965 557 1016 607 εἰ
1052 557 1124 624 μὴ
1164 563 1327 609 τοῦτο
1368 554 1582 627 ῥᾴδιον,
1621 558 1716 619 τὰς
1754 574 1882 610 πεν-

146 665 164 698 5
189 645 470 712 τακοσίας,
519 642 635 696 ἀλλ’
683 641 822 696 ἔστω
862 640 963 712 μὲν
1009 651 1105 712 τῆς
1151 647 1358 707 πόλεως
1404 645 1551 698 ἅπαν
1595 652 1787 715 τοῦτο,
1834 647 1882 698 εἰ

190 734 366 802 δοκεῖ,
405 732 656 801 γενέσθω
705 730 764 786 δὲ
803 741 879 805 τῷ
928 742 1039 786 τῶν
1077 733 1369 802 χρημάτων
1416 733 1779 804 ἀφαιρεθέντι
1817 735 1882 787 τὸ

190 822 495 892 φάρμακον.
535 824 723 891 καλόν,
764 818 805 874 ὦ
846 824 1038 891 βουλή,
1078 825 1190 891 ζῆν,
1228 824 1400 876 καλὸν
1431 823 1532 892 τὴν
1570 831 1665 892 τῆς
1704 824 1883 892 Τύχης

188 909 384 980 ἔχοντα
431 911 632 981 ῥοπήν,
678 912 1023 980 πολεμούσης
1076 911 1138 964 δὲ
1185 909 1394 980 ἐκείνης
1447 911 1508 965 ἐν
1560 918 1636 983 τῷ
1692 913 1883 966 δοκεῖν

187 1003 423 1069 βοηθεῖν
486 999 694 1053 εἰκτέον
754 999 846 1053 καὶ
908 1000 973 1053 οὐ
1038 998 1232 1053 δοτέον
1293 1001 1428 1071 αὐτῇ
1482 1010 1659 1063 κακῶς
1713 998 1880 1063 αὐθις

122 1113 165 1145 10
189 1098 382 1142 ποιεῖν.
439 1087 499 1142 ἐν
553 1092 743 1156 μόνοις
797 1090 901 1159 γὰρ
956 1089 1134 1158 ἐκείνη
1192 1090 1517 1143 δυναστεύει
1570 1101 1685 1152 τοῖς
1736 1093 1883 1158 ζῶσι,

187 1179 386 1248 νεκρὸν
426 1175 487 1231 δὲ
526 1182 721 1231 λυπεῖν
761 1178 861 1231 οὐκ
901 1175 1025 1247 ἔχει.

297 1268 383 1319 40.
449 1269 525 1320 Τὰ
571 1266 759 1335 καινά,
815 1265 856 1320 ὦ
904 1270 1105 1335 βουλή,
1157 1275 1437 1336 πανταχοῦ
1491 1269 1721 1337 μεγάλα,
1775 1266 1881 1321 κᾶν

186 1355 371 1424 ἀγαθὰ
410 1350 445 1427 ᾖ
491 1355 595 1409 κᾶν
642 1357 862 1427 θάτερα.
919 1363 995 1428 τῷ
1050 1357 1154 1426 γὰρ
1205 1353 1379 1425 μηδὲν
1433 1350 1576 1410 εἶναι
1630 1364 1731 1410 τοῦ
1785 1375 1879 1410 πε-

184 1444 504 1515 πραγμένου
544 1446 891 1514 παράδειγμα
930 1446 1030 1513 τὴν
1079 1445 1395 1514 ὑπερβολὴν
1443 1444 1701 1515 ἑκάτερον
1748 1449 1878 1513 λοιμ-

118 1556 159 1590 15
184 1534 356 1601 βάνει.
396 1534 591 1587 καινὸν
632 1535 699 1603 δὴ
739 1535 831 1587 καὶ
869 1535 931 1588 τὸ
971 1543 1078 1587 νῦν
1109 1531 1224 1587 κατ’
1263 1535 1397 1587 αὐτὸ
1434 1542 1597 1587 τοῦτο
1629 1537 1690 1588 τὸ
1723 1536 1879 1606 μόνῳ

182 1643 276 1689 μοι
323 1632 434 1675 τῶν
480 1623 704 1676 πάντων
752 1622 1168 1692 συμβεβηκέναι.
1224 1622 1285 1676 ἐν
1331 1623 1704 1693 εὐτυχήμασιν
1749 1623 1879 1691 ἠτύ-’

183 1732 339 1780 χηκα,
379 1710 440 1764 ἐν
479 1711 732 1782 κέρδεσιν
771 1711 1082 1781 ἐζημίωμαι,
1124 1711 1184 1765 ἐν
1225 1705 1308 1775 οἷς
1343 1708 1511 1781 εὗρον
1544 1712 1878 1766 ἀπολώλεκα.

182 1802 357 1867 μόνον
403 1820 468 1869 με
515 1810 626 1854 τῶν
671 1802 896 1854 πάντων
942 1802 1227 1871 θησαυρὸς
1273 1798 1479 1864 ἔδειξεν
1527 1801 1730 1854 ἄθλιον
1784 1800 1874 1853 καὶ

302 1981 327 2019 9
359 1977 465 2033 Lys.
498 1990 562 2020 or.
589 1981 643 2020 18
676 1981 701 2030 ξ
728 1981 753 2019 5
786 1992 831 2034 p.
860 1981 957 2030 149,
977 1981 1032 2021 33
1157 1981 1210 2020 13
1242 1976 1371 2020 Dem.
1405 1976 1549 2019 Andr.
1581 1990 1627 2031 p.
1653 1979 1798 2028 597‚3

302 2144 327 2183 3
368 2138 509 2184 οὐδὲν
549 2154 624 2184 om
657 2141 773 2184 VaB
916 2145 944 2183 4
977 2141 1231 2184 ἀπολαυεῖν
1258 2140 1312 2184 Ol
1386 2139 1651 2183 ἀπολαλοῦν
1685 2139 1752 2182 Va
1791 2137 1873 2181 sed

182 2201 318 2242 ολαλο
351 2198 400 2240 in
430 2213 506 2242 ras
538 2198 607 2241 111²
640 2200 687 2242 et
717 2216 775 2243 υν
808 2212 909 2243 eras
941 2201 988 2243 et
1020 2207 1089 2244 εῖν
1122 2212 1263 2255 supra
1295 2205 1379 2243 οῦν
1410 2197 1481 2241 m'
1615 2201 1641 2240 5
1673 2202 1756 2253 τῆς
1785 2194 1871 2240 πό-

180 2260 291 2306 λεως
322 2258 486 2314 scripsi
519 2271 543 2301 e
571 2257 826 2303 ClLaVaB
893 2265 948 2316 τῇ
981 2259 1113 2303 πόλει
1137 2259 1257 2302 LPa
1289 2257 1380 2301 edd
1523 2261 1549 2300 6
1582 2254 1803 2312 γενέσθαι
1826 2256 1871 2299 L

180 2316 290 2360 Ferr
317 2318 323 2372 Ι
350 2324 442 2361 τῶν
474 2331 549 2360 om
575 2318 648 2361 Pa
682 2318 784 2361 Mor
906 2323 929 2360 7
964 2317 1226 2374 φάρμακον.
1259 2315 1418 2372 καλόν,
1450 2312 1484 2360 ὦ
1517 2314 1672 2374 βουλή,
1705 2314 1871 2371 scripsi

182 2389 287 2422 cum
321 2374 478 2418 Gasda.
540 2376 789 2433 φάρμακον
821 2377 966 2422 καλὸν
998 2372 1032 2420 ὦ
1066 2376 1220 2435 βουλή.
1253 2375 1363 2419 libri
1395 2375 1477 2419 sed
1508 2374 1651 2418 καλὸν
1683 2388 1758 2418 om
1783 2375 1870 2429 Pa,

181 2434 272 2478 edd
322 2437 328 2490 Ι
378 2438 457 2491 ζῆν
484 2461 538 2467 -
565 2439 591 2478 8
631 2434 782 2493 ῥὀπήν
821 2436 881 2479 ad
919 2449 1102 2479 versum
1141 2435 1411 2479 comoediae
1442 2434 1627 2477 Atticae
1667 2437 1748 2489 ζῆν
1784 2432 1870 2488 τὴν

181 2490 331 2549 ῥοπὴν
366 2493 528 2550 ἔχοντα
559 2500 642 2550 τῆς
671 2495 811 2551 τύχης
835 2491 985 2551 ῥοπήν
1016 2498 1203 2539 revocat
1227 2493 1430 2538 Kockius
1455 2491 1577 2537 Com.
1602 2492 1699 2536 Att.
1725 2492 1779 2535 fr.
1805 2491 1869 2535 HI

180 2556 280 2605 502,
300 2556 386 2595 508
415 2556 419 2606 Ι
448 2554 589 2596 καλὸν
622 2555 702 2609 ζῆν
735 2554 838 2597 coni
871 2553 1027 2598 Gasda
1054 2556 1059 2610 Ι
1086 2554 1171 2610 τὴν
1204 2552 1370 2609 scripsi
1401 2565 1425 2595 e
1452 2551 1582 2596 OZLa
1641 2551 1723 2595 τὸν
1748 2552 1870 2596 LPa

188 2612 305 2655 VaB
330 2611 420 2654 edd
541 2616 567 2654 8
594 2612 678 2667 τὴν
704 2614 812 2655 ante
837 2609 986 2668 ῥόπήν
1003 2614 1077 2658 Ρα
1100 2613 1203 2656 Mor
1227 2613 1294 2655 Re
1321 2614 1327 2668 Ι
1356 2608 1403 2655 δ’
1423 2611 1499 2654 La
1620 2615 1644 2653 9
1670 2611 1868 2668 βοηθεῖν

179 2671 336 2714 δοκεῖν
363 2671 434 2714 Ρα
478 2671 482 2726 Ι
531 2671 586 2714 οὐ
618 2684 693 2713 om
720 2671 772 2715 Ol
854 2671 915 2727 μὴ
939 2673 1013 2716 Ρα
1157 2676 1211 2714 10
1243 2668 1404 2726 μόνοις
1437 2670 1505 2714 Va
1536 2670 1618 2713 sed
1650 2686 1719 2720 οις
1751 2682 1807 2713 ex
1836 2686 1865 2725 η

182 2742 283 2772 corr
314 2728 384 2771 m²
425 2731 430 2785 Ι
481 2730 776 2779 ὃυναστεύεις
807 2732 876 2774 Va
909 2731 987 2773 sed
1021 2747 1062 2775 ει
1094 2744 1235 2786 supra,
1266 2746 1331 2780 εις
1361 2728 1431 2772 m²
1554 2733 1606 2771 13
1638 2726 1866 2773 τάναντία

179 2787 251 2830 Ρα
281 2787 383 2831 Mor
414 2787 495 2830 sed
526 2788 575 2830 in
606 2788 695 2832 hoc
723 2806 777 2845 γρ
809 2789 990 2843 θάτερα
1021 2789 1070 2831 in
1094 2803 1240 2844 marg,
1271 2789 1340 2831 Re
1367 2788 1374 2846 Ι
1400 2790 1462 2846 τῷ
1495 2787 1659 2843 scripsi
1684 2801 1709 2831 e
1736 2786 1867 2832 ClVa

179 2860 284 2889 cum
309 2845 489 2889 Sinteni
549 2854 640 2891 τῶν
665 2848 740 2891 La
800 2848 850 2891 τὸ
876 2849 1043 2892 LPaB
1068 2848 1160 2891 edd
1282 2851 1335 2890 15
1369 2846 1420 2891 δὲ
1445 2847 1520 2890 La
1547 2848 1553 2905 Ι
1580 2850 1642 2904 τῷ
1667 2848 1740 2891 Ρα
1763 2846 1868 2889 Mor

177 2905 245 2949 Re
368 2910 422 2948 16
454 2904 643 2950 πάντων
674 2907 860 2962 reposui
892 2919 917 2949 e
942 2907 1118 2951 LClLa
1129 2907 1245 2950 VaB
1307 2904 1528 2950 ἁπάντων
1553 2907 1627 2950 Ρα
1662 2906 1764 2950 Mor
1794 2905 1863 2948 Re

237 2963 520 3022 πραγμάτων
551 2965 661 3008 Fen·
798 2970 851 3008 18
883 2965 1104 3010 ἁπάντων
1139 2967 1206 3011 Va
1255 2967 1261 3023 Ι
1312 2963 1336 3009 ὁ
1369 2966 1477 3008 ante
1507 2965 1747 3022 θησαυρὸς
1771 2966 1816 3008 Β
1853 2964 1858 3022 Ι
