1986 3158
213 117 271 159 vi
676 75 682 89 ⁵
856 104 863 111 ’
895 113 1234 158 PRAEFATIO

207 256 411 302 midiam
436 255 627 302 demum
661 257 854 316 partem
888 256 1049 316 operis
1075 255 1355 303 absolutam
1381 270 1484 304 esse
1509 257 1737 306 sciebam
1785 258 1897 306 Per-

208 330 302 393 git:
343 330 440 392 „Es
479 330 546 377 ist
583 329 746 376 nichts
780 327 1038 393 Geringes,
1079 345 1148 376 63.
1185 330 1372 377 50000
1405 330 1687 379 Textzeilen
1719 325 1898 398 (soviel

206 403 372 451 macht
404 403 555 451 schon
579 402 667 450 das
698 401 866 450 bisher
889 402 1214 451 Erschienene
1241 396 1391 469 aus)'
1378 420 1431 450 1n
1455 404 1898 454 durchschnittlich

205 477 320 524 ffinf
354 477 428 524 bis
469 476 606 524 sechs
638 475 1025 524 Handschriften
1065 494 1123 524 zu
1162 477 1564 539 kollationieiffen
1604 480 1693 527 auf
1728 477 1898 527 Grund

206 551 368 598 davon
415 552 558 598 einen
605 551 731 598 Text
778 567 836 596 zu
882 551 1266 611 konstituieren,
1320 552 1419 598 und
1467 516 1755 601 schliesslich
1809 553 1896 602 das

207 624 369 673 Ganze
403 640 455 672 so
488 624 665 672 sauber
687 624 998 688 vorzulegen,
1030 625 1123 673 wie
1155 625 1242 672 das
1271 625 1379 672 11161
1402 626 1697 689 geschieht.“
1745 627 1898 675 Amat
1965 626 1986 660 ’-

204 714 457 758 11111116163,
500 699 582 746 36(1
623 698 681 746 (16
722 715 773 745 16
814 699 1129 761 gravissima,
1170 714 1296 761 quae
1336 702 1443 747 erat
1475 700 1663 748 codices
1695 701 1896 749 investi-

142 816 145 819 ,
205 788 344 836 gare,
383 773 683 833 examinare,
724 773 774 819 in
816 788 1010 820 censum
1053 772 1299 821 vocandos
1338 773 1552 836 deligere
1599 774 1896 823 altissimum

205 847 472 895 silentium.

316 920 412 968 Sed
440 947 501 953 —
524 922 868 982 praetermitto
893 920 1064 975 laudes
1091 936 1212 982 quas
1237 921 1430 985 spargit
1450 947 1522 954 —
1539 937 1650 969 mox
1678 922 1740 970 ad
1765 924 1896 971 vitu-

203 996 483 1056 perationes
510 1010 560 1042 se
586 994 843 1042 convertit.
894 994 1115 1051 Quarum
1138 996 1302 1056 prima
1332 994 1479 1042 nimis
1512 995 1784 1058 spatiosam
1816 1013 1894 1045 co-

204 1068 365 1116 dicum
398 1068 778 1130 descriptionem
814 1071 1018 1130 spectat.
1076 1067 1232 1124 Quam
1266 1068 1516 1117 diversum
1547 1069 1895 1133 estzziudicium

204 1142 510 1191 criticorum!
541 1142 727 1190 Fritzio
753 1158 865 1190 cum
891 1142 1158 1190 editionem
1183 1143 1511 1205 epistularum
1531 1141 1726 1205 Synesii
1750 1160 1893 1207 para-

201 1219 299 1277 ret,
334 1217 411 1264 cui
444 1233 554 1264 eum
586 1219 743 1265 morte
776 1219 1000 1278 ereptum
1032 1232 1136 1265 esse
1167 1217 1310 1264 valde
1343 1217 1579 1278 dolemus,
1622 1233 1732 1265 mea
1763 1218 1894 1266 codi-

203 1307 315 1338 cum
341 1290 606 1353 descriptio
630 1293 889 1353 tantopere
913 1292 1119 1353 placuit,
1142 1296 1202 1338 ut
1227 1307 1336 1339 eam
1360 1291 1472 1339 aliis
1498 1292 1768 1354 exemplari
1791 1307 1894 1340 esse

203 1365 399 1412 diceret.
461 1365 625 1412 Aliter
669 1365 768 1413 ille.
830 1363 999 1425 „Statt
1049 1365 1127 1412 die
1175 1364 1524 1426 Textstiicke“,
1569 1365 1755 1427 inquit,
1805 1383 1894 1428 „zu

201 1439 507 1487 numerieren
539 1439 638 1486 und
672 1439 803 1487 dann
835 1455 897 1486 zu
928 1439 1269 1499 verzeichnen,
1301 1439 1484 1486 welche
1515 1439 1754 1487 Nummer
1777 1440 1892 1502 jede

201 1512 528 1561 Handschrift
559 1513 768 1574 enth‘alt,
799 1513 907 1560 131115
937 1513 990 1560 F.
1017 1513 1096 1561 bei
1121 1512 1262 1585 jedei
1292 1512 1618 1567 Handschrift
1648 1513 1753 1561 eine
1786 1530 1892 1561 um-

201 1586 473 1634 standliche
505 1587 762 1635 Abschrift
801 1587 922 1635 aller
960 1587 1093 1635 ihrer
1122 1574 1496 1634 Uberschriften
1535 1586 1657 1635 iiber
1696 1602 1787 1635 uns
1820 1605 1891 1636 er·

201 1659 402 1724 gehenf‘
434 1661 657 1708 Primum
681 1661 774 1709 1166
799 1662 998 1723 quidem
1021 1677 1119 1710 non
1143 1677 1311 1709 verum
1340 1664 1435 1721 est3
1468 1676 1584 1708 nam
1608 1661 1891 1723 saepissime

200 1735 614 1797 potissimumque
653 1735 706 1783 in
744 1735 1187 1784 declamationibus
1226 1737 1420 1797 partem
1458 1738 1654 1782 tantum
1685 1736 1889 1798 inscrip-

198 1809 351 1857 tionis
383 1810 629 1871 exscripsi.
677 1809 775 1858 Pro
806 1810 1127 1871 inscriptione
1153 1811 1319 1856 autem
1342 1824 1525 1870 ponere
1548 1823 1807 1856 numerum
1830 1826 1890 1857 ne

199 1883 417 1946 catalogi
449 1883 646 1945 quidem
679 1883 900 1931 codicum
933 1883 1252 1945 compositori
1284 1883 1495 1930 concedo
1529 1885 1578 1930 et
1601 1898 1631 1930 a
1655 1882 1889 1930 Martinio

199 1956 472 2018 Bassioque
497 1959 550 2004 in
575 1957 800 2021 catalogo
826 1957 1155 2005 Ambrosiano
1180 1956 1231 2004 id
1255 1957 1446 2004 factum
1472 1972 1575 2004 esse
1601 1972 1745 2020 aegre
1770 1957 1889 2018 fero,
1919 1987 1923 1993 ‚

200 2030 252 2077 in
283 2030 496 2078 editione
530 2033 696 2078 autem
728 2032 901 2080 critica
933 2031 1187 2094 scriptoris
1226 2030 1374 2092 plane
1413 2031 1726 2078 intolerabile
1766 2031 1889 2078 mihi

200 2103 397 2152 videtur
427 2107 691 2166 propterea
723 2105 855 2167 quod
879 2122 904 2154 e
928 2107 1088 2153 forma
1117 2104 1454 2166 inscriptionis
1484 2105 1618 2152 haud
1647 2119 1760 2153 raro
1791 2107 1889 2152 sta-

199 2179 292 2224 tim
325 2178 464 2226 cuius
497 2179 717 2226 familiae
743 2180 891 2227 codex
917 2179 982 2227 sit
1006 2178 1278 2240 dispicitur.
1327 2178 1393 2226 Et
1422 2179 1515 2226 hoc
1538 2180 1735 2227 tantum
1760 2193 1887 2225 com-

200 2252 400 2300 modum
439 2252 492 2299 in
532 2252 745 2300 editione
776 2253 991 2314 Libanii,
1034 2254 1172 2301 cuius
1213 2253 1509 2314 scriptorum
1549 2266 1802 2306 numerus,
1847 2251 1888 2298 si

198 2326 456 2386 epistulas,
480 2328 537 2373 ut
553 2326 799 2387 debemus,
822 2342 1151 2387 numeramus,
1175 2341 1417 2374 summam
1443 2326 1648 2373 duorum
1675 2325 1887 2372 millium

198 2399 413 2460 excedit,
457 2415 567 2447 cum
611 2401 752 2464 gravi
792 2402 1010 2449 omnium
1050 2400 1137 2462 qui
1176 2400 1250 2447 uti
1294 2399 1542 2447 debebunt
1580 2398 1887 2447 incommodo

197 2489 278 2520 me
311 2475 503 2521 mutare
532 2473 685 2521 iubet.
747 2474 1141 2537 Descriptionem
1179 2489 1296 2521 vero
1337 2473 1562 2521 codicum
1600 2473 1711 2534 plus
1743 2471 1887 2534 quin-

201 2549 483 2609 gentorum,
517 2563 725 2608 quorum
758 2565 883 2597 unus
915 2550 1029 2611 hoc,
1069 2548 1195 2595 alter
1225 2547 1350 2594 illud
1382 2548 1622 2608 scriptum
1655 2547 1887 2605 continet,

203 2620 245 2667 si
275 2636 372 2668 uno
405 2621 511 2668 loco
544 2620 661 2668 dare
691 2622 971 2683 voluissem,
1004 2623 1083 2670 cui
1113 2623 1186 2669 rei
1215 2621 1298 2669 vix
1329 2620 1425 2668 duo
1457 2620 1711 2668 volumina
1742 2619 1886 2667 suffe-

196 2696 404 2754 cissent,
442 2693 680 2742 brevitati
711 2695 868 2743 multo
905 2696 1068 2743 minus
1108 2695 1462 2743 consuluissem
1495 2710 1643 2755 quam
1675 2694 1885 2754 descrip-

196 2767 335 2815 tione
368 2783 518 2829 quam
548 2767 635 2815 ille
667 2769 982 2829 reprehendit
1019 2770 1142 2816 locis
1183 2784 1291 2816 eam
1322 2767 1636 2829 poscentibus
1669 2782 1757 2828 per
1787 2766 1885 2813 edi-

200 2841 387 2889 tionem
419 2841 623 2903 digesta.
680 2841 906 2889 Ceterum
945 2842 1122 2904 inspici
1161 2842 1310 2888 velim
1351 2856 1478 2902 quae
1519 2840 1576 2887 de
1616 2840 1707 2888 hae
1746 2855 1797 2887 re
1834 2839 1882 2885 in

201 2915 510 2976 praefatione
543 2915 807 2963 voluminis
839 2918 976 2984 tertii
1007 2933 1053 2977 p.
1078 2916 1123 2960 V
1156 2915 1270 2962 dixi.
