2044 3168
445 138 693 184 IUVENIS
723 137 938 184 FORTIS
970 137 1192 184 DIVITIS
1223 138 1527 184 APOLOGIA
1722 139 1830 192 243

136 272 244 344 ἐγὼ
282 271 344 328 δὲ
382 277 513 338 τοὺς
559 283 730 328 ταῦτα
775 281 1076 337 ποιοῦντας
1123 274 1226 327 οὐκ
1272 276 1594 342 αἰτιώμενος
1640 273 1831 344 ἑτέραν

134 361 375 434 ἐτράπην
412 364 506 417 καὶ
537 364 746 434 δωρεὰς
775 363 965 436 ᾔτουν,
1006 361 1058 427 ἐξ
1092 358 1172 416 ὧν
1203 361 1323 430 ε’μοὶ
1354 361 1456 432 μὲν
1487 366 1631 433 ἔχειν
1664 360 1830 418 οὐδὲν

132 450 343 520 ἐγίνετο
381 452 569 521 πλέον,
607 455 666 506 οἱ
713 449 774 506 δὲ
813 453 1143 522 ἀτυχοῦντες
1182 451 1555 519 εὐδαιμόνουν
1592 457 1829 521 πολῖται,

129 543 302 595 καλὸν
341 538 484 595 εἶναι
522 543 760 609 νομίζων
798 542 890 594 καὶ
927 550 1044 604 τοῖς
1082 539 1366 610 ἡμετέροις
1411 543 1576 610 ἤθεσι
1614 541 1829 609 πρέπον

129 633 259 693 τοὺς
305 632 452 700 παρὰ
497 632 599 700 τὴν
644 632 822 701 μάχην
868 630 1161 698 γενναίους
1205 632 1628 700 μεγαλόφρονας
1680 631 1828 699 παρὰ
1875 651 1893 684 5

130 720 230 773 τὸν
267 727 363 789 τῆς
402 722 622 791 εἰρήνης
670 716 812 773 εἶναι
860 720 1058 790 καιρὸν
1104 717 1195 772 καὶ
1242 721 1373 782 τοὺς
1418 724 1642 773 πολλῶν
1692 720 1829 789 ἡμᾶς

129 807 543 873 ἀπαλλάξαντας
612 810 896 862 κινδύνων
964 810 1095 871 τοὺς
1165 808 1280 879 ἰδίᾳ
1341 811 1676 871 πταίσαντας
1739 807 1828 860 ἐπ-

129 903 520 967 ανορθοῦσθαι
559 899 799 960 πολίτας.
839 899 1045 961 παντὸς
1075 893 1314 966 μὲνοῦν
1346 898 1442 951 διὰ
1472 904 1645 951 ταῦτα
1675 916 1828 950 κατε-

129 988 386 1056 φρόνησα
423 986 656 1055 κέρδους
692 985 783 1039 καὶ
824 987 892 1040 οὐ
923 985 1213 1057 μεταμέλει
1252 1007 1346 1055 μοι
1385 995 1482 1056 τῆς
1520 986 1827 1055 εὐβουλίας,

127 1075 446 1145 περιέστησε
493 1074 558 1128 δέ
599 1095 694 1143 μοι
740 1076 801 1128 τὸ
850 1084 1074 1144 πρᾶγμα
1121 1076 1474 1145 συκοφάντης
1529 1077 1828 1143 ἄνθρωπος
1854 1096 1895 1128 ιο

127 1162 220 1217 καὶ
251 1168 442 1227 κακίας
472 1161 701 1234 ἔλεγχον
732 1174 969 1218 ποιεῖται
1001 1165 1068 1218 τὰ
1100 1166 1526 1235 φιλανθρωπίας
1557 1165 1826 1233 γενόμενα

130 1250 137 1324 Ι
180 1254 356 1322 χάριν·
1690 1257 1913 1302 RIV542

240 1342 288 1395 6.
322 1340 664 1413 Ἐβουλόμην
710 1341 812 1413 μὲν
858 1339 980 1397 οὖν·
1009 1344 1143 1413 μήτε
1188 1353 1301 1396 τῶν
1346 1350 1444 1411 τῆς
1489 1344 1699 1405 πόλεως
1743 1339 1824 1395 ἔτι

126 1436 447 1501 μνησθῆναι
500 1441 687 1486 κακῶν
739 1435 872 1502 μήτε
925 1441 1044 1496 τοῖς
1097 1429 1160 1486 εὖ
1212 1437 1499 1485 παθοῦσιν
1553 1431 1824 1485 ὀνειδίσαι

125 1522 229 1590 τὴν
266 1522 429 1591 χάριν
459 1523 807 1592 μικροψύχου
846 1523 1084 1591 νομίζων
1116 1520 1320 1590 ἀνδρὸς
1359 1514 1503 1574 εἶναι
1539 1518 1631 1573 καὶ
1672 1518 1821 1572 ἄπει·
1849 1542 1890 1574 15

128 1610 368 1678 ροκάλου
408 1611 469 1663 τὸ
516 1618 760 1679 πρᾶγμα·
814 1617 922 1663 νῦν
961 1607 1022 1663 δὲ
1061 1609 1349 1679 ἡπονηρά
1396 1610 1600 1663 τούτου
1646 1609 1822 1677 βουλὴ

248 1760 302 1801 15
335 1755 466 1800 Dem.
501 1770 590 1800 cor.
625 1761 649 1810 ξ
676 1760 761 1799 269
794 1771 838 1812 p.
866 1760 1096 1811 316‚6sq.

248 1879 303 1918 10
342 1874 671 1931 περιέστησε
711 1874 778 1925 εἰς
814 1875 866 1920 τὸ
907 1872 1123 1920 ἐναντίον
1164 1874 1336 1931 ἤγαγεν
1362 1876 1457 1920 Mm
1527 1871 1655 1918 τοῦτ’
1699 1874 1822 1919 ἔστιν

129 1933 196 1986 εἰς
225 1932 505 1979 τούναντίον
538 1933 721 1991 ἔστησεν
757 1933 847 1980 Va⁴
879 1935 943 1991 (et
975 1933 1212 1990 Wolfenb)
1337 1939 1390 1977 13
1422 1931 1751 1990 προθεραπεία
1776 1935 1822 1977 Α

129 1992 186 2038 cf.
220 1993 438 2052 Hermog.
473 1994 531 2037 de
562 1993 652 2038 inv.
677 1993 741 2037 IV
769 1998 822 2037 12
855 1993 927 2038 ed.
953 1993 1088 2037 Walz
1119 1993 1236 2037 rhet.
1271 2007 1338 2050 gr.
1363 1995 1396 2037 t.
1422 1993 1486 2037 111
1512 1997 1648 2047 179‚9

247 2132 272 2170 2
306 2127 488 2182 δωρεὰν
515 2128 631 2173 GlM
653 2127 661 2186 Ι
689 2126 829 2172 οὐδὲν
863 2127 983 2186 ἔχειν
1002 2128 1183 2173 CrHVz·
1303 2132 1329 2170 3
1364 2124 1567 2184 ἐγίγνετο
1588 2127 1711 2170 ViM
1729 2125 1820 2170 edd

172 2186 470 2244 εὐτυχοῦντες
491 2188 550 2232 Vi
669 2191 696 2230 4
728 2184 813 2231 οὖν
835 2186 997 2243 Doxap
1025 2189 1032 2244 Ι
1059 2184 1296 2243 ὑμετέροις
1314 2186 1366 2232 Gz
1486 2192 1511 2229 5
1537 2187 1644 2240 περὶ
1662 2185 1822 2229 ViACl

169 2246 277 2300 περὶ
308 2246 367 2290 Vi
487 2250 513 2289 6
547 2241 668 2291 εἶναι
692 2260 766 2291 om
784 2246 842 2289 Vi
868 2249 876 2302 Ι
903 2246 1023 2302 ὑμᾶς
1041 2247 1094 2292 Ol
1116 2246 1227 2289 Ferr
1251 2245 1354 2290 Mor
1475 2250 1498 2289 7
1525 2243 1677 2295 ἰδίους
1694 2245 1739 2287 Β
1753 2246 1820 2289 Va

245 2309 273 2348 8
305 2307 534 2350 διαταῦτα
563 2306 669 2350 ViB
790 2310 816 2348 9
853 2303 1099 2363 εὐβουλίας
1131 2306 1200 2350 Va
1231 2304 1313 2349 sed
1346 2305 1396 2349 εὐ
1429 2305 1477 2348 in
1508 2318 1585 2348 ras
1615 2303 1686 2347 m²

129 2367 183 2408 10
207 2363 472 2421 περιέστηκε
490 2365 549 2409 Vi
628 2394 635 2400 »
671 2370 723 2409 11
751 2365 1001 2421 γιγνόμενα
1020 2365 1081 2410 Gr
1104 2364 1187 2408 sed
1210 2362 1414 2422 γνόμενα
1437 2363 1592 2407 minus
1610 2363 1751 2417 certa,
1767 2363 1825 2407 H

185 2421 408 2480 γινόμενα
425 2425 485 2469 Vi
605 2428 660 2469 13
681 2421 968 2482 Ἐβουλόμην
985 2450 1040 2457 -
1060 2427 1197 2479 244,4
1221 2424 1406 2481 γνώμης
1426 2421 1697 2479 praemissis
1720 2435 1818 2465 ver-

124 2481 199 2526 bis
228 2480 442 2527 τοιοῦτόν
467 2483 560 2528 ἐστι
582 2483 712 2538 παρὰ
734 2486 797 2538 τῷ
822 2483 948 2543 αὐτῷ
965 2484 1046 2527 καὶ
1069 2484 1119 2528 ἐν
1141 2486 1204 2542 τῷ
1227 2489 1311 2526 τοῦ
1342 2480 1567 2527 πλουσίου
1598 2480 1818 2537 ζητήματι

124 2548 208 2586 τοῦ
240 2542 594 2596 ἀριστεύσαντος
624 2543 704 2586 καὶ
736 2542 1012 2597 αἰτήσαντος
1036 2543 1102 2594 εἰς
1123 2542 1176 2587 τὸ
1201 2541 1338 2598 γέρας
1360 2540 1444 2596 τήν
1468 2557 1517 2586 τε
1542 2549 1635 2585 τῶν
1668 2539 1817 2597 φυγά-

125 2602 221 2644 δων
237 2599 534 2645 ἐπανέλευσιν
559 2602 639 2646 καὶ
661 2601 745 2657 τὴν
769 2608 860 2645 τῶν
885 2598 1061 2658 ἀτίμων
1083 2601 1219 2658 τιμὴν
1243 2603 1323 2645 καὶ
1347 2601 1432 2657 τὴν
1455 2607 1548 2645 τῶν
1573 2602 1816 2665 δεσμωτῶν

123 2660 255 2704 λύσιν
287 2660 366 2703 καὶ
389 2661 669 2713 τυραννίδος
692 2659 945 2710 ἐπιθέσεως
968 2657 1060 2705 ’ὑπὸ
1084 2658 1280 2717 ῥήτορος
1302 2657 1602 2715 κρινομένου·
1637 2659 1686 2703 ἐν
1710 2656 1814 2702 τού-

123 2734 186 2777 τῳ
218 2718 305 2775 γὰρ
338 2718 479 2763 πάλιν
509 2717 592 2765 τὸν
624 2720 856 2778 φεύγοντα
890 2723 1087 2775 μελετῶν
1117 2718 1362 2764 πλάττεται
1386 2716 1633 2776 προοίμιον
1659 2715 1815 2771 τέταρ-

123 2793 206 2822 τον
242 2784 456 2822 τοιοῦτον
494 2779 612 2824 citat
648 2779 812 2835 Doxap
851 2778 881 2821 1.
914 2778 944 2822 l.
985 2778 1105 2835 (cod.
1138 2778 1289 2822 Vatic.
1330 2777 1412 2822 fol.
1446 2782 1577 2831 211V3
1627 2777 1812 2819 Barocc.

123 2835 202 2881 fol.
230 2841 321 2884 33¹>
349 2839 356 2893 Ι
384 2834 469 2881 οὖν
494 2851 569 2881 om
596 2838 757 2894 Doxap
785 2844 791 2890 Ι
818 2837 899 2882 τὸν
926 2839 985 2882 M
995 2838 1065 2882 Va
1096 2838 1176 2881 sed
1207 2837 1258 2880 in
1288 2837 1377 2882 hoc
1409 2837 1433 2881 ὸ
1466 2837 1515 2880 in
1547 2844 1582 2880 ῶ
1614 2850 1716 2880 corr
1745 2833 1815 2877 ω*

128 2895 134 2954 Ι
169 2895 236 2941 ἔτι
259 2909 334 2939 om
358 2895 518 2952 Doxap
641 2902 696 2941 14
728 2897 1019 2941 εὐπαθοῦσιν
1044 2897 1144 2941 HB
1154 2897 1224 2940 Va
1247 2896 1350 2940 Mor
1372 2896 1440 2940 Re
1503 2895 1735 2951 scriptura,
1764 2892 1813 2935 in

126 2955 367 3011 Grparum
385 2962 514 2999 certa.
635 2960 690 3000 15
716 2953 1091 3014 μικροψυχίανᾼ
1118 2958 1126 3013 Ι
1153 2951 1275 3000 εἶναι
1291 2956 1424 2999 omA
1547 2958 1600 2998 16
1633 2953 1739 2997 νυνὶ
1756 2952 1816 2995 Vi

1370 3029 1458 3071 16*
1523 3060 1525 3062 »
