2014 3158
364 109 483 154 PRO
515 109 791 154 MULIERE
822 109 1247 155 TYRANNICIDA
1275 110 1516 155 ΡΕΤΙΤΙΟ
1683 111 1789 163 441

95 244 186 299 καὶ
233 247 403 300 τᾶλλα
457 245 632 300 ὁπόσα
685 255 798 299 τῶν
851 245 1139 313 ὀνομάτων
1193 248 1416 314 βελτίω,
1471 247 1636 310 αὐτὸς
1685 246 1791 315 ἐγὼ

96 342 203 388 νῦν
241 333 423 403 ἔγνων
460 336 580 388 δεῖν
618 332 704 387 ἐπὶ
751 335 813 387 τὸ
852 336 1000 403 βῆμα
1023 323 1299 403 ’παριέναι
1347 335 1436 388 καὶ
1473 334 1479 406 Ι
1515 344 1609 404 τῆς
1655 340 1775 385 RIV
1794 344 1880 385 800

96 426 352 492 γενναίας
392 423 601 493 ἐκείνης
638 424 820 493 χειρὸς
857 425 1106 491 γλῶτταν
1146 424 1435 493 σύμμαχον
1475 423 1557 477 ἐπ’
1604 423 1791 493 ἐκκλη-

97 515 219 576 σίας
258 512 583 566 ἀντιδοῦναι
618 509 710 565 καὶ
741 512 914 581 ταύτῃ
944 512 1130 582 πρώτῃ
1164 520 1258 582 τῆς
1290 514 1629 582 δημηγορίας
1659 513 1791 566 ἀπο-

95 607 425 671 χαριεῖσθαι,
462 598 590 671 παρ’
628 596 693 668 ἧς
723 601 785 654 τὸ
819 601 1155 671 δημηγορεῖν
1195 600 1473 670 ἐπανῆλθε
1511 610 1575 672 τῇ
1615 603 1790 655 πόλει.

96 691 145 743 2.
186 693 236 743 εί
270 691 372 757 μὲν
411 685 516 743 οὖν
555 687 744 759 ἑώρων
782 689 844 742 τὸ
884 692 1015 752 τοὺς
1054 685 1117 743 εὖ
1151 690 1462 759 δράσαντας
1500 692 1573 759 μὴ
1611 695 1792 754 καλῶς

97 779 360 850 ἀντιδρᾶν
404 779 542 849 πρὸς
588 776 846 842 εὐδοξίαν
899 777 1102 847 μέλλον
1155 780 1289 848 ἡμῖν
1343 778 1790 848 ἀποτελευτῆσαι,

94 866 210 937 τάχ’
256 866 325 921 ἂν
361 869 498 936 πρὸς
535 877 653 930 τοῖς
691 868 879 930 ἄλλοις
916 867 1216 937 ἐγιγνόμην
1254 867 1403 937 κάγὼ
1450 868 1541 921 καὶ
1588 867 1791 937 ταχέως

95 959 165 1010 ἄν
201 977 284 1020 τις
322 950 471 1010 εἶδεν
512 953 603 1026 ἐμὲ
642 957 742 1011 τὸν
780 963 888 1010 νῦν
926 956 1352 1027 ὑπερμαχοῦντα
1396 959 1519 1010 τότε
1556 957 1790 1011 τούναν-

94 1048 214 1100 τίον
260 1046 406 1099 ἅπαν
453 1044 876 1115 ἀπομαχόμενον
928 1046 1068 1113 πρὸς
1121 1046 1222 1114 τὴν
1270 1046 1505 1116 δωρεάν·
1560 1053 1668 1099 νῦν
1715 1045 1790 1114 δ’,

94 1134 160 1189 οὐ
199 1136 303 1203 γὰρ
345 1129 471 1188 οἶδα
509 1143 624 1198 πῶς
663 1135 733 1187 ἄν
770 1154 853 1198 τις
897 1144 1010 1188 τῶν
1056 1134 1316 1188 ἁπάντων
1362 1135 1580 1189 δίκαιον
1625 1142 1789 1189 τοῦτο

92 1226 334 1293 νομίσειε
372 1224 462 1277 καὶ
500 1226 573 1293 μὴ
613 1227 825 1292 μᾶλλον
870 1224 1009 1293 πρὸς
1055 1222 1284 1287 ἀδοξίαν
1330 1224 1396 1276 οὐ
1444 1225 1546 1292 τὴν
1596 1230 1790 1293 τυχοῦ-

92 1327 196 1366 σαν
234 1313 683 1383 περιιστάμενον,
730 1313 843 1381 ἥκω
890 1315 992 1381 τήν
1029 1332 1088 1366 τε
1126 1315 1291 1366 πόλιν
1328 1313 1420 1366 καὶ
1458 1312 1602 1382 ὑμᾶς
1641 1317 1790 1381 τηλι-

91 1402 292 1471 καύτης
340 1403 654 1471 δυσφημίας
693 1400 999 1466 ἀπαλλάξαι
1038 1402 1366 1467 σπουδάζων
1412 1399 1504 1455 καὶ
1550 1410 1615 1472 τῇ
1666 1421 1789 1470 γεν-

92 1493 220 1561 ναίᾳ
259 1491 428 1561 ταύτῃ
467 1491 563 1553 τὰς
602 1490 836 1559 ἀμοιβὰς
882 1489 944 1543 ἐν
991 1490 1166 1554 οὕτως
1213 1490 1534 1559 ἀναγκαίοις
1573 1490 1787 1544 ἀποδώ-

94 1594 208 1633 σων
244 1588 457 1650 καιροῖς
502 1578 594 1633 καὶ
640 1580 782 1648 ὑμᾶς
827 1577 974 1633 τοῦτ’
1021 1579 1156 1633 αὐτὸ
1203 1581 1418 1633 πείσειν
1463 1581 1529 1633 τὰ
1578 1581 1790 1633 δυνατὰ

90 1671 500 1738 πειρασόμενος.
551 1669 600 1722 3.
642 1669 726 1722 δεῖ
763 1667 888 1737 γάρ,
929 1669 1003 1731 ὡς
1042 1666 1131 1721 ἐπὶ
1171 1669 1446 1732 τοιούτοις
1489 1665 1658 1737 οἶμαι,
1695 1669 1789 1721 κά-

2 1808 7 1811 ,
90 1758 157 1825 μὲ
195 1759 296 1827 τὴν
336 1758 655 1828 εὐεργεσίαν
687 1757 982 1826 ὁμολογεῖν
1012 1758 1210 1827 κοινὴν
1241 1758 1386 1811 οὕτω
1427 1760 1788 1826 καταβληθεῖ-

92 1861 197 1900 σαν
241 1844 332 1899 καὶ
378 1847 669 1916 πάνδημον
714 1846 804 1900 καὶ
849 1846 994 1916 ὑμᾶς
1046 1849 1178 1910 τοὺς
1232 1842 1294 1900 εὖ
1347 1849 1633 1909 παθόντας
1687 1847 1789 1899 οὐκ

93 1934 356 1988 ἀποκνεῖν
408 1936 511 2003 τὴν
571 1936 964 2004 προσήκουσαν
1024 1933 1558 2004 ἀντικαταβαλέσθαι
1612 1935 1787 2005 χάριν.

92 2025 166 2088 ὡς
212 2033 319 2077 νῦν
364 2031 438 2096 τῷ
486 2024 587 2092 μὲν
635 2024 822 2077 δοκεῖν
870 2023 976 2092 ἐγὼ
1023 2032 1087 2095 τῇ
1134 2022 1358 2091 γυναικὶ
1406 2027 1536 2086 τοὺς
1587 2025 1788 2087 παῖδας

92 2116 170 2176 εἰς
209 2113 424 2183 δωρεὰν
474 2111 789 2181 ἐξαιτοῦμαι
833 2113 924 2166 καὶ
971 2114 1168 2183 γράφω
1215 2120 1380 2167 τοῦτο
1427 2114 1489 2166 τὸ
1529 2116 1787 2182 ψήφισμα

91 2200 181 2254 καὶ
230 2203 453 2271 γίνομαι
500 2202 809 2271 δημηγόρος
856 2202 959 2255 οὐκ
1012 2202 1246 2271 ἀγεννὴς
1291 2199 1416 2271 παρ’
1471 2197 1535 2270 ἧς
1587 2200 1678 2254 καὶ
1724 2204 1785 2255 τὸ

213 2383 234 2420 1
260 2379 401 2420 τᾶλλα
425 2377 514 2421 Vat
633 2381 660 2419 4
685 2375 1000 2433 δημοκρατίας
1015 2379 1107 2422 Μα
1227 2381 1254 2420 ὂ
1287 2377 1552 2434 ἐπανῆλθεν
1579 2378 1668 2421 Μα

93 2440 118 2479 6
156 2435 392 2490 δράσαντα
425 2437 513 2481 Vat
657 2440 710 2479 12
743 2436 825 2480 καὶ
855 2436 916 2492 μὴ
949 2436 1114 2493 scripsi
1175 2436 1235 2493 μὴ
1267 2437 1347 2480 καὶ
1379 2435 1491 2480 libri
1521 2436 1588 2479 Re
1651 2436 1782 2489 „fort

92 2494 172 2538 καὶ
203 2494 263 2551 μὴ
296 2495 403 2538 ’‘al“
435 2495 597 2539 Iacobs
631 2494 773 2538 Schul
820 2495 828 2553 Ι
870 2493 1089 2549 εὐδοξίαν
1114 2497 1204 2540 Μα
1339 2499 1392 2539 13
1426 2495 1507 2539 καὶ
1539 2508 1611 2538 om
1641 2494 1787 2538 Macz

100 2598 190 2642 Vat
311 2602 365 2641 14
398 2568 671 2651 σπουδάΞων
691 2598 836 2644 MaCl
896 2597 1176 2644 σπουδάσων
1209 2600 1297 2644 Vat
1420 2603 1473 2642 15
1510 2595 1786 2653 ἀναγκαίοις

95 2658 183 2701 Μα
215 2657 297 2700 sed
329 2673 398 2707 οις
428 2657 478 2700 in
500 2671 576 2701 ras
600 2657 671 2701 m'
698 2660 703 2714 Ι
733 2657 973 2702 ἐπιδώσων
990 2660 1080 2703 Ma
1203 2663 1256 2701 16
1289 2654 1414 2702 τοῦτ’
1443 2657 1556 2700 αὐτὸ
1597 2656 1783 2713 reposui

93 2728 118 2759 e
148 2715 280 2759 libris
321 2730 427 2760 cum
464 2716 673 2761 Iacobsio
705 2716 806 2760 Ach
838 2716 876 2759 T
902 2721 986 2761 786
1019 2716 1159 2761 Schul
1192 2720 1239 2761 et
1273 2716 1453 2760 Sinteni
1528 2722 1610 2759 τοῦ
1643 2715 1783 2760 ταύτὸ

92 2774 160 2818 Re
188 2777 194 2831 Ι
220 2772 373 2819 πείσοι
399 2774 487 2820 Vat
545 2774 733 2820 πείθειν
759 2774 962 2819 Sintenis
1086 2779 1140 2820 18
1172 2782 1303 2833 „post
1333 2775 1572 2831 ὁμολογεῖν
1604 2780 1643 2818 et
1666 2773 1783 2818 πάν-

93 2864 243 2919 δημον
282 2869 503 2908 commata
540 2865 789 2920 ponenda“
827 2863 990 2909 Iacobs
1030 2864 1172 2909 Schul
1328 2868 1381 2907 19
1422 2849 1670 2913 πῗιθόντας
1699 2864 1783 2913 Mo

212 2927 267 2965 23
301 2920 532 2978 δήμητρος
564 2923 651 2967 Vat

1838 622 1857 655 5

1815 1067 1859 1101 10

1814 1512 1855 1544 15

1813 1957 1855 1990 20
