2020 3146
838 659 1086 712 XXXIII.

119 780 546 848 Φιλαργύρου
598 787 748 842 παῖς
803 778 1195 846 ἀριστεύσας
1248 777 1486 850 ᾔτησεν
1541 781 1633 842 εἰς
1693 779 1809 847 τὴν

114 870 368 939 δωρεὰν
414 872 678 929 θαλλοῦ,
718 868 1048 938 στέφανον
1101 867 1208 921 καὶ
1263 867 1806 939 ἀποκηρύσσεται.

228 989 273 1040 1.
322 991 429 1056 Τῆς
466 984 569 1055 μὲν
607 986 884 1054 ἀριστείας
923 987 990 1039 οὐ
1029 986 1179 1040 πάνυ
1210 986 1493 1058 μέμφομαι
1530 990 1629 1045 τὸν
1673 992 1899 1039 RIV622

116 1080 435 1144 νεανίσκον,
476 1072 518 1130 ὦ
559 1077 835 1145 δικασταί,
883 1075 953 1129 δι’
1001 1075 1220 1145 ἐκείνην
1265 1077 1371 1146 γὰρ
1423 1076 1692 1130 σέσωσται
1742 1086 1807 1148 τῇ

112 1167 266 1220 πόλει
305 1166 372 1218 τά
410 1184 468 1218 τε
507 1167 754 1235 χρήματα
794 1163 884 1218 καὶ
923 1166 990 1219 τὰ
1029 1166 1268 1234 σώματα,
1306 1175 1450 1233 μισῶ
1490 1163 1552 1219 δὲ
1589 1174 1809 1236 τοῦτον,
1855 1189 1875 1222 5

114 1255 199 1308 ὅτι
250 1255 434 1317 δεινὸς
482 1252 562 1307 ὢν
608 1252 670 1308 ἐν
715 1263 832 1317 τοῖς
878 1255 1067 1318 ὅπλοις
1114 1254 1323 1324 εὐήθης
1370 1253 1521 1308 ἐστὶν
1570 1253 1659 1309 ἐπὶ
1696 1266 1810 1309 τῶν

115 1344 341 1413 δωρεῶν
394 1344 485 1396 καὶ
539 1351 634 1412 τῆς
697 1345 874 1413 Τύχης
925 1343 1271 1413 παρεχούσης
1330 1347 1593 1397 πλουτεῖν
1646 1343 1809 1417 ἀνοίᾳ
1867 1370 1880 1378 -·

234 1491 288 1535 Η
328 1512 384 1527 =
411 1489 567 1534 Codex
596 1489 1056 1546 Hierosolymitanus
1089 1489 1133 1534 S.
1159 1487 1370 1546 Sepulcri
1396 1493 1478 1534 107

240 1549 284 1599 ‚V
331 1571 386 1587 =
413 1548 670 1593 Vaticanus
703 1564 770 1606 gr.
798 1554 884 1594 940

170 1638 175 1642 ι
235 1610 274 1655 G
332 1631 387 1646 =
414 1608 661 1653 chisianus
693 1608 734 1651 R
757 1608 821 1653 VI
844 1614 901 1653 43

233 1669 294 1713 M
334 1690 389 1707 =
414 1668 681 1712 Marcianus
713 1683 780 1726 gr.
806 1673 892 1712 439

233 1729 311 1773 La
334 1750 390 1766 --
415 1728 757 1772 Laurentianus
788 1727 913 1772 LVII
939 1733 997 1772 44

243 1788 300 1832 Vs·
336 1809 392 1825 =
417 1787 794 1832 Vindobonensis
825 1787 993 1844 philos.
1027 1789 1075 1832 et
1105 1787 1269 1844 philol.
1294 1786 1359 1831 IV
1383 1792 1438 1831 82

238 1847 289 1892 Ol
335 1868 391 1884 =
416 1846 730 1891 Berolinensis
763 1862 830 1904 gr.
859 1852 942 1891 195
976 1847 1086 1891 olim
1120 1846 1509 1892 Claromontanus

235 1907 281 1950 B
335 1928 391 1944 =
417 1906 698 1950 Barberinus
722 1906 763 1950 Π
787 1913 842 1950 41
878 1906 1046 1964 (Vatia.
1079 1906 1216 1951 Barb.
1244 1909 1346 1962 220)

243 1966 313 2010 Va
338 1987 393 2003 =
424 1965 677 2009 Vaticanus
709 1981 775 2023 gr.
803 1970 860 2010 82

238 2119 262 2157 2
295 2113 415 2157 Plat.
449 2113 538 2171 leg.
564 2113 648 2157 XII
679 2129 724 2171 p.
752 2118 838 2158 943
855 2113 909 2158 D.
954 2115 1120 2159 Aesch.
1152 2114 1256 2160 fals.
1288 2114 1380 2172 leg.
1412 2129 1456 2171 p.
1484 2119 1554 2171 34,
1575 2120 1650 2170 123
1686 2113 1807 2160 Ctes.

116 2187 160 2230 p.
189 2177 259 2228 80,
277 2178 332 2218 36
352 2187 417 2230 sq.
564 2178 589 2216 6
623 2172 757 2218 Chor.
791 2187 913 2218 avar.
947 2179 971 2228 ξ
998 2180 1019 2217 1
1054 2173 1173 2218 Mus.
1204 2173 1352 2219 Rhen.
1381 2174 1524 2217 XLIX
1561 2190 1605 2232 p.
1634 2179 1733 2227 505,
1754 2179 1808 2219 13

239 2327 263 2364 2
296 2321 471 2374 θαλλὸς
502 2319 672 2376 κυρίως
705 2320 729 2365 ὁ
761 2328 842 2378 τῆς
865 2320 1023 2374 ἐλαίας
1046 2320 1217 2373 κλάδος
1243 2320 1301 2368 Os
1412 2327 1438 2365 3
1474 2321 1526 2366 τὸ
1558 2320 1810 2379 προοίμιον

117 2386 199 2436 τῆς
231 2379 510 2438 ὑπολήψεως
540 2389 632 2425 τῶν
665 2382 895 2425 δικαστῶν
926 2381 983 2426 Os
1063 2388 1250 2437 πρῶτον
1279 2380 1526 2439 προοίμιον
1558 2381 1604 2435 ἐξ
1637 2381 1809 2437 ὑπολή-

122 2449 243 2496 ψεως
269 2441 331 2485 Μ

196 2618 197 2621 =
239 2592 264 2631 2
296 2588 478 2633 θαλλὸν
511 2587 746 2645 στεφάνου
772 2590 830 2633 H
835 2589 914 2634 VO
941 2589 1022 2634 sed
1053 2589 1103 2633 in
1133 2589 1221 2633 hoc
1256 2590 1435 2633 θαλλοῦ
1468 2586 1701 2645 στέφανον
1734 2603 1809 2632 su·

118 2659 278 2703 prascr
307 2648 337 2701 f
378 2650 384 2705 Ι
432 2647 563 2704 παρὰ
594 2655 676 2692 τοῦ
708 2646 835 2693 ἰδίου
866 2647 1041 2703 πατρός
1071 2650 1180 2704 post
1210 2648 1582 2720 ἀποκηρύσσεται
1605 2649 1663 2692 H
1668 2648 1746 2692 VC

117 2705 366 2763 ἀντίληψις
396 2708 504 2762 post
527 2707 899 2763 ἀποκηρύσσεται
925 2709 997 2761 Μ,
1023 2705 1087 2751 Η
1116 2706 1272 2757 στάσις
1295 2704 1324 2762 ἢ
1347 2707 1520 2764 ζήτημα
1544 2705 1806 2764 ἀντίληψις.

125 2764 411 2822 Φιλάργυρος
440 2766 750 2822 ἀποκηρύττει
788 2766 879 2810 edd
957 2765 1109 2810 delevi
1251 2770 1278 2808 4
1316 2765 1423 2810 υἱὸν
1447 2767 1561 2834 MOI
1591 2767 1640 2810 et
1673 2783 1728 2823 γρ
1760 2766 1810 2809 in

117 2837 253 2881 marg
283 2824 385 2868 Mor
411 2827 417 2880 Ι
445 2823 662 2869 δικασταί
693 2826 858 2882 scripsi
890 2838 946 2869 ex
969 2825 1313 2870 HVC'MLaVi
1344 2825 1426 2869 sed
1457 2825 1506 2869 in
1529 2825 1618 2869 hoc
1641 2825 1811 2879 ἄνδρες

121 2896 336 2939 suprascr
365 2883 448 2938 m',
474 2885 602 2928 BVa
679 2884 770 2929 ἄνὸ
772 2899 847 2940 ρες
880 2885 933 2930 01
964 2885 1054 2928 edd
1093 2883 1151 2928 cf.
1185 2884 1245 2928 ad
1275 2899 1320 2940 p.
1349 2888 1419 2938 90,
1437 2889 1462 2928 9
1513 2885 1520 2942 Ι
1570 2884 1721 2950 ἐκεῖνο
1747 2884 1811 2927 Vi

102 2942 202 2985 sed
233 2959 292 2999 ην
324 2955 466 3000 supra.
497 2959 522 2987 ο
554 2942 624 2986 m²
746 2901 797 2988 ὀρ
808 2959 856 2987 τε
887 2956 964 2987 om
989 2944 1040 2988 H
1051 2943 1184 2989 1⁷0OE
