2044 3168
253 86 468 132 PATRIS
500 86 711 131 CAEDIS
743 85 941 130 FILIAE
973 84 1323 139 GENERIQUE
1357 84 1655 130 DEFENSIO
1718 84 1823 136 327

136 224 219 277 τοὶ
260 226 562 293 λογίσησθε
600 222 934 292 παρεστάναι
975 227 1050 293 τῷ
1089 222 1288 290 βήματι
1327 221 1416 275 καὶ
1452 227 1529 293 τῷ
1570 225 1828 293 λογισμῷ,

136 314 208 382 μὴ
248 314 350 381 γὰρ
400 314 469 381 δή
515 330 645 366 ποτε
692 319 805 374 τοῖς
851 307 1035 380 ἔργοις
1081 312 1160 372 είς
1205 317 1369 363 τοῦτο
1417 310 1583 380 τύχης
1636 308 1827 363 ἐλθεῖν

135 401 374 470 δόξαιτε,
420 400 510 455 καὶ
556 402 757 470 πηλίκα
803 399 905 467 μὲν
951 400 984 467 ἡ
1024 400 1193 468 φύσις
1240 399 1472 452 δύναται
1518 399 1666 467 παρὰ
1712 407 1826 462 τοῖς

133 492 370 560 πατράσι
409 490 814 558 ξυλλογιεῖσθε,
862 490 987 541 τίνα
1035 484 1096 541 δὲ
1137 485 1228 540 καὶ
1266 489 1460 551 παῖδες
1498 490 1827 556 τολμήσαιεν

136 580 209 642 ὡς
249 581 326 643 εἰς
364 586 632 633 τοσοῦτον
678 577 884 646 ἐγεῖραι
931 578 1060 640 τοὺς
1106 578 1362 640 τεκόντας
1408 578 1572 647 ἔχθος
1618 577 1690 640 ὡς
1735 575 1826 630 καὶ

135 668 280 737 ξίφει
321 669 422 737 τὴν
461 665 646 731 δεξιὰν
685 665 907 720 ὁπλίσαι
945 663 1076 718 καθ’
1114 660 1194 718 ὧν
1224 662 1413 719 ἔτεκον
1442 666 1533 719 καὶ
1564 662 1688 734 μεθ’
1729 665 1827 729 οὓς

134 756 317 811 οὐκέτι
364 758 426 810 τὸ
473 760 764 809 καλεῖσθαι
811 753 1038 825 πατέρες
1083 752 1319 818 ἕξουσιν.
1389 755 1438 808 2.
1479 756 1527 808 εἰ
1572 751 1676 824 μὲν
1722 750 1826 808 οὖν

134 847 207 909 ὡς
261 846 446 909 ἁπλῶς
499 844 717 914 ἀτυχῶν
771 842 878 913 ἐγὼ
932 845 1191 914 κρίνομαι
1243 841 1371 913 παρ’
1426 843 1560 913 ὑμῖν
1606 845 1701 897 καί
1743 864 1826 907 τις

134 935 379 998 εὐθύνας
417 930 534 987 οἶδε
573 934 722 1003 παρά
762 953 860 986 του
911 942 1022 986 τῶν
1069 934 1256 1002 νόμων
1294 940 1409 996 τοῖς
1446 932 1585 1003 πρὸς
1624 932 1722 997 οὓς
1760 934 1826 986 τὰ

134 1033 229 1094 τῆς
289 1024 467 1093 Τύχης
520 1022 623 1076 οὐκ
677 1023 903 1093 εὐμενῆ,
957 1022 1048 1075 καὶ
1101 1029 1263 1075 τοῦτο
1310 1029 1385 1095 τῷ
1428 1024 1714 1095 κατηγόρῳ
1761 1023 1823 1076 τὸ

134 1113 459 1182 σπούδασμα
498 1122 708 1166 κτεῖναι
747 1113 846 1166 τὸν
885 1107 1011 1181 μηδ’
1051 1110 1196 1174 ὅπως
1229 1109 1431 1165 ἐσεῖται
1463 1114 1824 1182 βουλόμενον,

130 1200 301 1270 ἡκέτω
341 1202 442 1271 μὲν
482 1203 614 1271 μετὰ
648 1201 844 1270 ξίφους
875 1199 904 1254 ὁ
937 1201 1148 1270 δήμιος,
1189 1199 1218 1253 ὁ
1250 1191 1624 1269 δὲ’βέλτιστος
1656 1200 1826 1254 εὐθυ-

133 1290 297 1359 νέτω,
335 1291 491 1360 ὑμεῖς
530 1289 579 1343 δ’
625 1289 713 1343 ἐπὶ
760 1290 976 1352 τούτοις
1020 1294 1275 1343 ποιεῖσθε
1319 1290 1416 1353 τὰς
1454 1292 1702 1358 ψήφους,
1752 1291 1824 1360 μὴ

132 1379 378 1448 μέλλετε,
425 1380 498 1443 ὡς
544 1384 830 1450 χαριεῖσθε
876 1378 1002 1449 μέν,
1050 1380 1101 1432 εί
1144 1378 1288 1432 οὕτω
1335 1378 1542 1449 πατέρα
1581 1381 1824 1449 δυστυχῆ

130 1471 264 1540 μετὰ
310 1467 400 1522 καὶ
446 1478 558 1522 τῶν
603 1470 929 1539 προσόντων
976 1470 1340 1533 συνεκκόψετε
1385 1478 1572 1522 κακῶν
1617 1469 1708 1522 καὶ
1761 1470 1822 1522 τὸ

132 1562 227 1628 ζῆν
265 1557 648 1628 ἀφαιρήσεσθε
686 1559 785 1612 τὸν
818 1559 894 1621 εἰς
933 1565 1202 1612 τοσοῦτον
1233 1568 1525 1628 συμφορᾶς
1563 1557 1823 1628 ἀφικόμε-

128 1668 232 1702 νον
263 1649 337 1711 ὡς
375 1658 494 1711 ταῖς
534 1647 708 1701 αὑτὸν
746 1646 919 1700 αὑτοῦ
952 1647 1142 1717 χερσὶν
1174 1646 1481 1716 ἀφελέσθαι
1521 1648 1582 1701 τὸ
1614 1648 1821 1717 πατὴρ

130 1738 305 1806 ὄνομα
343 1744 508 1790 τοῦτο
549 1736 616 1805 δὴ
656 1738 717 1790 τὸ
758 1739 936 1805 γλυκὺ
975 1736 1076 1806 μὲν
1107 1744 1223 1798 τοῖς
1262 1737 1467 1804 ἄλλοις,
1508 1736 1574 1790 οὐ
1607 1737 1710 1807 γὰρ
1754 1737 1821 1805 δὴ

127 1834 383 1880 τοιοῦτον
436 1824 528 1879 καὶ
582 1826 715 1895 ἡμῖν
766 1825 794 1879 ὁ
843 1827 1056 1893 δαίμων
1109 1833 1374 1895 παρῆκεν·
1413 1827 1482 1879 .ει’
1530 1824 1578 1878 δ’
1632 1824 1823 1896 ἕτερον

128 1915 230 1984 μὲν
275 1915 497 1984 ἀτυχεῖν
542 1913 634 1968 καὶ
681 1916 1075 1985 οἰκτείρεσθαι,
1130 1913 1321 1985 ἕτερον
1375 1912 1437 1968 δὲ
1489 1925 1822 1985 κακουργεῖν

249 2022 276 2060 4
309 2017 366 2062 cf.
399 2019 432 2061 t.
458 2017 522 2062 VI
547 2021 648 2091 469,
669 2021 722 2060 17

247 2112 268 2150 1
314 2121 451 2162 „num
492 2107 572 2164 leq.
613 2103 829 2162 νομίσητε
868 2105 1157 2160 παρεστάναι
1193 2109 1257 2165 τῷ
1290 2105 1478 2164 βήματι,
1521 2109 1585 2166 τῷ
1619 2122 1670 2162 γε
1702 2109 1821 2164 λογι-

127 2165 273 2226 σμῷ2“
316 2166 384 2210 Re
442 2168 449 2222 Ι
507 2166 587 2209 καὶ
625 2165 801 2208 inserui
841 2179 866 2209 e
899 2166 1240 2210 MaClViBVa
1316 2180 1392 2210 om
1423 2166 1542 2210 LPa
1581 2165 1670 2210 edd

129 2230 154 2268 3
188 2225 342 2279 δόξετε
366 2227 411 2270 Β
440 2227 446 2280 Ι
474 2225 554 2269 καὶ
576 2225 703 2268 inser
720 2224 832 2268 Ma'
893 2239 967 2268 om
995 2226 1161 2271 GlViB
1174 2226 1242 2270 Va
1268 2227 1274 2281 Ι
1301 2223 1472 2282 πηλίκη
1491 2226 1549 2270 Vi
1668 2230 1695 2268 4
1719 2225 1820 2278 ξυλ-

126 2287 387 2342 λογιεῖσθαι
421 2286 479 2330 Vi
554 2286 868 2340 συλλογιεῖσθε
903 2286 991 2329 Μα
1067 2299 1179 2328 num
1222 2283 1582 2341 ξυλλογίσησθεῖ
1626 2286 1674 2328 at
1712 2284 1820 2329 vide

127 2359 172 2401 p.
191 2349 459 2401 319‚15sq.;
487 2345 494 2400 1
521 2342 707 2388 leVa
828 2348 853 2387 5
879 2343 926 2394 ἐς
943 2344 1156 2389 ManVi
1275 2348 1300 2387 9
1325 2360 1409 2388 του
1432 2351 1524 2388 τῶν
1541 2343 1642 2389 Mor
1657 2344 1739 2388 sed
1763 2361 1817 2401 γρ

126 2403 301 2448 τούτων
332 2403 382 2447 in
412 2417 546 2460 marg
605 2410 688 2447 τοῦ
712 2410 802 2446 τῶν
827 2403 938 2446 Ferr
996 2420 1079 2447 του
1111 2402 1361 2448 delendum
1393 2405 1551 2447 censet
1581 2403 1819 2448 Iacobsius

125 2462 239 2507 Lech
272 2467 356 2506 130
502 2468 554 2507 11
596 2462 676 2506 τὸν
704 2464 778 2507 Ρα
819 2462 900 2505 sed
939 2479 994 2507 ον
1033 2462 1111 2506 del
1160 2465 1165 2519 Ι
1215 2462 1276 2520 μὴ
1317 2461 1361 2508 δ’
1392 2465 1466 2508 Ρα
1505 2463 1586 2507 sed
1625 2480 1685 2520 μη
1727 2462 1818 2517 del,

128 2522 420 2567 MaOWiVa
450 2522 560 2566 Ferr
598 2522 700 2565 Mor
749 2525 754 2575 Ι
806 2522 955 2566 ἔσεται
994 2521 1099 2566 coni
1131 2522 1233 2567 Mor
1280 2523 1289 2580 Ι
1338 2522 1674 2581 βουλευόμενον
1713 2523 1818 2566 coni

126 2581 227 2625 Mor
259 2582 310 2625 at
340 2581 396 2625 cf.
431 2597 473 2638 p.
501 2585 602 2634 320,
623 2585 675 2625 13
802 2585 855 2624 12
890 2579 986 2637 3(2)
1014 2582 1068 2627 01
1102 2584 1109 2638 Ι
1137 2580 1182 2626 δ’
1220 2581 1244 2626 ὁ
1273 2583 1417 2627 MaOl
1443 2585 1449 2637 1
1478 2580 1704 2640 βέλτιστος
1730 2583 1818 2626 Μα

127 2641 208 2685 sed
240 2654 336 2684 ιστο
368 2640 416 2683 in
447 2654 522 2684 ras
553 2640 624 2684 m³
746 2645 798 2683 13
831 2644 1073 2684 ποιεῖσθαι
1098 2641 1358 2685 MaGlViB
1390 2641 1471 2685 sed
1502 2641 1550 2684 in
1575 2641 1662 2685 hoc
1687 2657 1737 2684 αι
1768 2640 1816 2683 in

125 2713 224 2753 rae,
258 2700 327 2743 Va
359 2700 440 2744 sed
480 2717 530 2743 αι
568 2699 618 2743 in
650 2717 670 2743 ε
702 2701 810 2743 οοιτ
833 2698 902 2742 m’
1046 2705 1099 2743 17
1142 2701 1191 2745 ἐν
1218 2701 1307 2745 Μα
1345 2701 1427 2744 sed
1467 2701 1528 2751 ὡς
1559 2702 1699 2755 antep
1732 2699 1813 2752 ω’,

129 2758 295 2803 ClViB
308 2759 377 2803 Va
403 2761 409 2811 Ι
437 2758 582 2802 αὑτὸν
616 2759 759 2802 αὑτοῦ
792 2758 858 2802 Re
930 2755 1074 2803 αὐτὸν
1107 2761 1250 2803 αὐτοῦ
1282 2759 1444 2813 (αὑτοῦ
1478 2760 1551 2815 Vi)
1582 2758 1692 2802 libri
1724 2759 1815 2802 edd

187 2817 326 2868 αὐτὸς
357 2817 502 2861 αὑτοῦ
534 2818 648 2861 Bast
679 2831 750 2874 ep.
777 2818 877 2861 crit.
903 2822 988 2861 212
1113 2823 1167 2862 18
1200 2820 1251 2863 δὲ
1265 2820 1325 2874 (1)
1354 2818 1405 2863 Ol
1436 2818 1516 2862 sed
1543 2833 1563 2863 ε
1587 2818 1636 2862 in
1661 2835 1688 2874 η
1715 2831 1816 2861 corr

127 2875 210 2929 111³,
243 2877 303 2920 Vi
446 2881 498 2919 19
540 2875 696 2931 ἕτερον
727 2876 810 2933 μὲν
841 2877 1027 2933 ἀτυχεῖν
1059 2877 1224 2933 scripsi
1257 2891 1281 2921 e
1307 2879 1392 2921 Ma
1404 2879 1506 2922 ViB
1518 2878 1587 2921 Va
1660 2876 1814 2931 ἕτερον

130 2934 213 2991 μὲν
246 2935 410 2994 ἀτυχεῖ
433 2936 485 2981 ol
555 2934 706 2991 ἕτερος
737 2935 819 2992 μὲν
851 2936 1014 2993 ἀτυχεῖ
1034 2937 1154 2981 LPa
1186 2937 1276 2981 edd
1420 2940 1476 2981 20
1502 2934 1815 2994 οἰκτείρεσθαι

1850 1044 1893 1076 10

1848 1489 1890 1523 15

1846 1936 1889 1968 20
