2014 3158
618 105 791 150 CAECI
822 106 958 149 FILII
991 104 1295 149 APOLOGIA
1698 105 1801 159 641

114 245 448 314 ἀπανθρωπία
482 263 525 309 p.
548 247 668 310 653,
692 248 780 308 10,
815 247 938 306 674,
957 247 1008 307 8,
1045 244 1311 309 μιαιφόνος
1343 262 1392 308 p.
1420 247 1652 307 663,11,
1686 246 1808 307 667,

118 323 183 369 12
219 321 280 370 et⁴
303 323 394 383 15,
429 322 617 384 670,3,
645 321 840 381 69Ο,3,
876 321 1072 381 694,3,
1109 321 1303 381 697,1,
1339 321 1511 380 698,8
1545 319 1809 383 μιαιφονία

114 413 161 458 Ρ.
188 397 309 456 652,
330 397 420 457 16,
447 396 568 454 654,
588 396 642 455 8,
670 396 791 455 655,
810 397 864 454 4,
892 395 1014 454 669,
1035 395 1126 455 12,
1153 395 1274 460 674,
1294 395 1349 455 5,
1375 395 1496 453 692,
1516 396 1571 455 8,
1606 395 1727 454 693,
1749 396 1805 454 7,

115 470 410 535 μετάγνωσις
432 487 479 532 p.
501 470 622 530 678,
644 471 671 516 7
700 471 750 516 et
777 471 868 529 13,
894 466 1267 534 συναμφότερος
1291 485 1336 531 p.
1358 470 1478 529 650,
1501 469 1590 526 16;
1626 469 1807 530 693,3;

113 547 420 609 γηρωκομεῖν
467 543 580 591 vide
629 543 690 590 ad
737 560 783 605 p.
819 545 949 603 657,
970 544 1060 604 16,
1108 541 1436 605 ἐπαληθεύειν
1481 560 1528 605 Ρ.
1564 543 1691 603 657,
1715 545 1805 601 12,

112 617 427 683 προδιαλύειν
465 634 511 679 Ρ.
540 618 661 679 650,
682 619 735 680 9,
784 616 1127 681 δυσμεναίνειν
1165 634 1212 679 Ρ.
1241 618 1362 678 675,
1384 618 1475 678 10,
1533 618 1705 677 692,4
1748 619 1808 664 ut

112 693 164 739 in
211 692 569 740 declamatione
624 691 824 740 subdita
870 691 956 739 XL
1004 709 1050 754 Ρ.
1095 692 1224 753 340,
1255 692 1345 754 19,
1395 691 1702 740 locutionum
1748 693 1808 739 ut

111 765 325 831 περίεστί
361 784 444 829 μοι
482 772 568 815 τοῦ
600 765 881 831 πράγματος
913 782 960 828 Ρ.
990 768 1112 825 667,
1133 767 1222 828 13,
1255 765 1554 832 προσδοκίας
1585 762 1807 814 ἐπέκεινα

111 858 159 903 Ρ.
187 841 356 902 669,1
394 840 455 888 ab
487 855 580 887 usu
611 840 812 888 Libanii
843 839 1238 901 abhorrentium,
1279 842 1361 888 vix
1400 842 1456 887 ut
1490 839 1807 888 declamatio-

111 931 223 963 nem
253 916 519 978 genuinam
554 914 733 963 habere
764 914 964 977 possim.
978 910 1018 981 l)

221 989 398 1050 Itaque
431 989 729 1037 declamatio
755 1006 855 1038 non
881 984 1139 1051 ‘corporis'
1165 989 1344 1036 finibus
1371 991 1585 1037 coercita
1609 989 1806 1050 mansit,

110 1063 197 1113 sed
228 1066 381 1112 etiam
410 1063 463 1111 in
495 1064 662 1126 plures
695 1065 890 1127 eclogas
921 1063 1136 1112 transiit.

221 1139 466 1187 Numerus
499 1138 722 1186 codicum
755 1137 931 1200 quibus
964 1138 1025 1186 ad
1050 1138 1176 1186 hanc
1202 1140 1416 1186 aetatem
1443 1138 1668 1200 pervenit
1698 1154 1804 1200 per-

110 1228 319 1276 magnus
352 1215 439 1261 est.
496 1212 623 1260 Sunt
654 1212 786 1260 enim
816 1213 869 1259 hi
903 1213 995 1260 34:

231 1386 273 1440 1)
305 1384 496 1438 Eadem,
530 1384 708 1442 opinor,
739 1384 832 1428 fuit
864 1384 1098 1429 sententia
1122 1383 1379 1427 Hermanni
1412 1384 1470 1428 de
1494 1383 1703 1439 Rohden‚
1738 1385 1805 1428 De

109 1443 273 1486 mundi
310 1443 548 1487 miraculis
579 1459 624 1500 p.
651 1449 707 1487 40
725 1459 816 1500 sq.,
856 1444 937 1499 qui
977 1457 1082 1488 eam
1121 1443 1308 1488 scholae
1348 1442 1559 1488 Gazaeae
1598 1444 1804 1488 tribuere

110 1502 271 1547 voluit.
305 1504 368 1546 At
398 1503 556 1547 hiatus
588 1503 702 1561 fuga
727 1519 866 1559 quam
899 1504 949 1547 in
973 1519 1028 1547 ea
1051 1503 1261 1561 repperit
1292 1502 1353 1547 ad
1384 1503 1472 1547 hoc
1505 1503 1805 1548 statuendum

110 1576 201 1606 11011
231 1563 382 1620 magis
415 1562 588 1606 sufficit
620 1576 762 1619 quam
794 1563 914 1622 legis
939 1562 1236 1619 Meyerianae
1268 1561 1531 1607 observatio
1563 1576 1657 1619 qua
1684 1563 1805 1606 Pau-

109 1621 182 1665 lus
215 1621 346 1666 Maas
379 1621 622 1679 (Hebdom.
657 1622 820 1679 philol.
847 1622 980 1667 class.
1010 1627 1120 1666 1911
1157 1621 1241 1666 col.
1271 1624 1403 1679 1255)
1435 1622 1616 1677 nititur,
1642 1636 1804 1678 quam-

110 1694 250 1736 quam
289 1681 328 1724 is
370 1682 567 1725 eandem
606 1681 979 1726 observationem
1019 1684 1066 1726 et
1105 1681 1154 1725 in
1193 1681 1536 1726 declamatione
1576 1682 1803 1727 δυσκόλου

111 1740 512 1798 ἀποκηρύττοντος
528 1743 561 1785 t.
580 1741 642 1785 VI
658 1746 743 1785 546
763 1756 845 1798 sq.,
871 1755 1012 1797 quam
1030 1755 1058 1784 a
1075 1740 1271 1785 Libanio
1290 1740 1561 1785 abiudicare
1585 1742 1687 1797 ipse
1711 1755 1803 1785 non

110 1800 265 1856 audet,
281 1806 328 1843 et
344 1800 392 1844 in
411 1799 602 1855 Orestis,
612 1800 897 1856 Archidami,
911 1800 1071 1844 Laidis
1089 1800 1512 1845 declamationibus
1528 1802 1562 1845 t.
1576 1800 1613 1844 V
1624 1805 1708 1845 362
1721 1816 1802 1857 sq„

110 1872 227 1914 quas
251 1860 479 1916 genuinas
512 1873 612 1904 esse
645 1861 860 1905 omnibus
893 1862 1080 1917 praeter
1109 1859 1265 1917 ipsum
1295 1859 1665 1916 Rohdenumque
1696 1874 1803 1904 con-

110 1921 217 1972 stat,
250 1919 453 1976 agnovit.
510 1921 571 1963 At
609 1919 856 1977 multiplex
894 1919 979 1964 illa
1017 1922 1159 1976 atque
1198 1919 1247 1963 in
1283 1919 1477 1964 diversis
1513 1919 1700 1977 scriptis
1734 1919 1803 1963 di-

109 1991 241 2022 versa
280 1993 384 2022 cum
424 1979 640 2023 universa
681 1979 1039 2036 rhythmopoeio.
1069 1981 1171 2023 tum
1203 1979 1253 2022 in
1285 1978 1508 2023 clausulis
1539 1979 1802 2037 pangendis

109 2052 182 2081 ars
208 2051 300 2093 qua
325 2038 540 2095 splendet
558 2038 782 2082 Libanius
808 2038 1093 2095 peculiarem
1118 2038 1328 2095 postulat
1345 2038 1735 2094 disquisitionem,
1753 2038 1802 2082 in

110 2111 202 2152 qua
226 2099 274 2140 et
290 2096 475 2142 Curtius
500 2097 647 2142 Mosel
670 2099 718 2142 et
741 2097 1035 2143 Ehrhardtus
1054 2097 1347 2142 Hildebrand
1370 2111 1445 2142 me
1469 2099 1657 2141 auctore
1681 2098 1802 2141 vires

110 2169 217 2201 suas
250 2169 461 2201 exercere
500 2159 765 2213 coeperunt.
822 2157 888 2201 De
940 2158 1098 2201 hiatus
1146 2157 1259 2214 fuga
1307 2157 1570 2201 Libaniana
1614 2157 1802 2202 interim

110 2215 298 2272 scripsit
337 2215 563 2273 Georgius
596 2215 805 2272 Pietsch,
845 2216 913 2261 De
953 2216 1164 2262 Choricio
1200 2215 1406 2260 Patrocli
1446 2215 1802 2261 declamationis

110 2277 320 2327 auctore,
353 2274 543 2319 Vratisl.
580 2279 693 2319 1910
725 2291 770 2333 Ρ.
795 2280 852 2320 48
871 2290 960 2332 sq.,
1002 2276 1133 2320 cuius
1174 2276 1613 2320 commentationem
1652 2289 1801 2332 paene

110 2333 392 2390 superfluam
423 2334 567 2378 fuisse
599 2335 831 2390 quomodo
863 2335 1036 2379 Paulus
1075 2335 1154 2379 ille
1187 2335 1317 2378 Maas
1348 2335 1557 2379 iudicare
1595 2334 1803 2391 potuerit

110 2407 196 2452 ego
229 2393 416 2438 omnino
448 2407 540 2437 non
580 2394 1043 2450 comprehenderem,
1082 2393 1174 2438 nisi
1205 2407 1230 2438 e
1262 2407 1458 2438 censura
1489 2393 1644 2438 Nonni
1676 2393 1800 2437 Lud-

109 2452 329 2496 wichiani
367 2452 633 2509 Aequitatis
674 2455 1042 2510 contemptorem
1082 2468 1188 2497 eum
1231 2454 1563 2511 cognovissem.
1621 2452 1710 2496 Sed
1754 2453 1801 2496 et

109 2512 226 2556 haec
258 2512 346 2556 dea
389 2514 473 2556 est.
527 2511 698 2555 Verum
740 2515 896 2558 autem
929 2513 1179 2569 dereliquit
1212 2527 1316 2556 cum
1357 2512 1564 2557 codicem
1595 2511 1800 2555 Athoum

110 2571 288 2615 Laurae
312 2574 356 2615 Ω,
383 2575 481 2625 123,
515 2570 602 2615 etsi
631 2586 752 2615 unus
783 2586 840 2616 ex
871 2571 1210 2629 antiquissimis
1243 2573 1317 2627 sit,
1350 2586 1378 2615 a
1408 2584 1481 2615 me
1513 2570 1562 2614 in
1587 2570 1695 2615 crisi
1719 2570 1800 2615 de-

110 2630 443 2674 clamationum
482 2644 575 2674 non
615 2631 881 2675 adhibitum
920 2644 1020 2676 esse
1059 2631 1191 2675 dixit.
1256 2631 1303 2674 Si
1339 2634 1371 2675 t.
1397 2630 1439 2674 V
1469 2645 1514 2686 p.
1542 2635 1567 2673 6
1601 2631 1650 2674 et
1679 2632 1712 2674 t.
1737 2630 1800 2673 VI

111 2704 155 2745 p.
186 2693 268 2733 187
302 2689 567 2741 evolvisset,
607 2703 712 2734 eum
750 2692 798 2734 et
835 2690 884 2734 in
917 2690 1138 2748 apologia
1169 2689 1374 2734 Socratis
1413 2692 1461 2734 et
1490 2689 1536 2732 in
1570 2689 1801 2733 invectiva

109 2749 159 2791 in
190 2749 466 2792 Aeschinem
498 2747 721 2792 collatum
745 2750 1038 2806 repperisset.
1095 2749 1184 2794 Sed
1218 2748 1362 2792 etiam
1389 2748 1614 2804 plurimas
1647 2747 1799 2792 decla-

111 2806 339 2852 mationes
373 2822 400 2851 a
433 2807 627 2852 Libanio
666 2822 759 2852 non
799 2822 897 2853 esse
937 2809 1135 2865 scriptas
1177 2807 1509 2852 contendentes
1548 2807 1799 2851 Rohdenus

110 2869 172 2922 (p.
191 2869 263 2922 39)
288 2867 587 2923 Maasiusque
611 2866 786 2911 iustum
810 2867 1093 2924 principium
1117 2868 1166 2909 in
1191 2866 1362 2909 falsum
1386 2867 1798 2923 exaggeraverunt.

112 2925 251 2969 Plura
283 2926 340 2969 de
371 2939 424 2970 eo
458 2926 506 2968 in
538 2926 828 2981 praefatione
861 2927 998 2970 huius
1033 2926 1289 2970 voluminis.

199 3007 396 3040 mems
412 3007 460 3039 ed
483 3008 824 3040 Foerster.V1L
1388 3003 1441 3042 41
