2044 3168
0 0 33 212 ἶ

102 131 184 176 AD
217 127 715 177 ANTECEDENTEM
745 128 1272 176 DECLAMATIONEM
1306 130 1636 177 ANTILOGIA
1687 129 1790 185 177

104 267 350 338 ἀνήλωτο
393 265 454 321 δὲ
493 269 553 321 τὸ
594 271 827 337 χρυσιόν
865 265 1219 337 καθιερωθὲν
1257 273 1332 341 τῷ
1375 277 1578 338 σωτῆρι
1620 269 1796 338 ἀμφο-

102 356 276 425 τέρων
316 357 494 426 χάριν,
534 357 711 424 κάμοῦ
751 377 808 410 τε
846 357 936 409 καὶ
977 365 1076 409 τοῦ
1109 359 1331 427 πατρός,
1374 356 1666 426 ἐπειδήπερ
1707 358 1797 411 καὶ

102 447 287 508 κοινὸς
325 445 654 516 ἀμφοτέρων
691 445 937 515 ὑπῆρχεν
977 445 1005 498 ὁ
1045 447 1322 508 κίνδυνος.
1365 448 1411 499 εἰ
1453 445 1501 498 δ’
1551 445 1707 510 ἄξιόν
1745 466 1796 500 τι

102 542 197 605 τῆς
236 537 483 605 σπουδῆς
522 536 721 603 ταύτης
759 533 848 587 καὶ
888 542 983 602 τῆς
1023 533 1245 597 ἐλπίδος
1286 534 1648 604 συμβέβηκεν,
1690 535 1797 599 ἔξε-

103 638 228 677 στιν
267 623 406 691 ὁρᾶν
444 625 542 677 τὸν
579 622 786 693 πατέρα
817 623 906 676 καὶ
941 622 1185 691 ὁρῶντας
1218 623 1596 676 διδάσκεσθαι.
1638 623 1799 677 ταῦτ’
1846 645 1864 677 5

103 711 224 781 ἐμοὶ
264 711 584 782 πέπρακται,
624 709 666 765 ὦ
708 713 908 782 ἄνδρες
947 713 1217 779 δικασταί,
1257 713 1346 765 καὶ
1379 713 1711 782 πεπράξεταί
1738 733 1799 781 γε

105 798 286 864 αὖθις.
327 802 392 855 οὐ
433 803 536 871 γὰρ
577 801 844 870 ἀφέξομαι
886 801 1084 870 λέγειν,
1126 803 1174 854 εἰ
1213 802 1304 854 καὶ
1337 803 1601 872 δεύτερον
1642 816 1800 855 συνε-

105 892 346 960 νεχθείη,
386 890 522 944 ἀλλά
561 891 632 959 μὴ
667 892 906 959 συμβαίη
947 891 1078 944 ποτὲ
1116 893 1475 961 παραπλήσια.
1506 898 1580 964 τῷ
1614 893 1799 958 πατρί.

22 1050 29 1055 .
106 981 280 1042 οὕτως
326 978 431 1048 ἐγὼ
482 983 576 1049 ζῆν
622 977 711 1032 καὶ
760 978 1209 1049 ἀναστρέφεσθαι
1265 978 1479 1048 ἔγνωκα
1533 978 1623 1033 καὶ
1671 980 1800 1033 ἀνα-

107 1070 491 1139 στραφήσομαί
527 1088 589 1136 γε
629 1069 727 1122 τὸν
766 1068 885 1137 ἑξῆς
925 1069 1140 1122 ἅπαντα
1186 1070 1389 1139 χρόνον
1435 1069 1524 1122 καὶ
1573 1069 1675 1122 οὐκ
1714 1070 1799 1137 ἄν,
1826 1091 1868 1123 ιο

107 1163 163 1212 εἴ
186 1178 238 1211 τι
278 1156 513 1226 γένοιτο,
553 1166 647 1227 τῆς
678 1158 898 1226 γνώμης
927 1161 1478 1229 μεθαρμοσθήσομαι.
1521 1159 1605 1211 69.
1647 1159 1801 1228 ὑμεῖς

107 1247 186 1316 δέ,
228 1242 269 1300 ὦ
311 1248 510 1317 ἄνδρες
550 1247 827 1314 δικασταί,
875 1250 932 1299 τί
966 1247 1102 1316 πρὸς
1141 1247 1312 1299 ταῦτά
1352 1267 1511 1316 φατε;
1567 1247 1802 1316 ἠδίκησα

106 1338 205 1390 τὸν
249 1336 456 1406 πατέρα
502 1342 577 1408 τῷ
625 1337 871 1407 ταλάντῳ
928 1335 1106 1400 δείξας
1157 1336 1496 1405 ἀναβιοῦντα
1548 1346 1677 1399 παῖς
1724 1337 1802 1390 ὢν

109 1425 302 1490 αὐτοῦ;
344 1426 551 1478 οὐκοῦν
590 1426 691 1494 τὴν
732 1426 906 1494 φύσιν
946 1424 1234 1478 αἰτιατέον.
1280 1422 1460 1494 ἐκείνη
1501 1427 1604 1497 γὰρ
1645 1425 1802 1496 μέχρι

107 1515 307 1568 τούτου
362 1519 662 1583 προελθεῖν
717 1512 972 1584 ἐβιάσατο
1026 1513 1117 1567 καὶ
1173 1515 1275 1567 οὐκ
1330 1513 1575 1568 ἐνταῦθα
1628 1517 1803 1584 μόνον
1829 1535 1869 1568 15

110 1604 282 1673 λῆξαι,
324 1604 460 1657 ἀλλὰ
499 1604 587 1656 καὶ
627 1603 930 1674 περαιτέρω
970 1606 1243 1673 προβῆναι
1277 1602 1367 1656 καὶ
1399 1610 1605 1658 παθεῖν
1635 1607 1802 1657 πλείω

108 1692 200 1746 καὶ
242 1694 454 1761 δρᾶσαι.
511 1690 631 1761 ε’μοὶ
681 1690 740 1746 δὲ
781 1694 1080 1762 συγγνώμη
1130 1692 1550 1763 τυραννηθέντι.
1605 1697 1662 1746 τί
1698 1694 1803 1763 γὰρ

112 1778 182 1850 ἦν
221 1783 312 1835 καὶ
350 1790 598 1851 ποιῆσαι;
638 1781 887 1850 ἡττήθην
926 1773 1022 1849 τῆς
1060 1789 1158 1835 τοῦ
1197 1783 1402 1851 πατρὸς
1447 1782 1675 1850 ἀγάπης,
1715 1783 1803 1851 ἡτ-

111 1874 292 1940 τήθην
345 1870 688 1940 μεμνημένος
740 1880 852 1923 τῶν
907 1872 1130 1923 ἄνωθεν
1183 1871 1418 1941 ἡμερῶν,
1467 1872 1539 1934 ὡς
1584 1868 1804 1942 ἔστεργε

110 1960 341 2029 περιών,
389 1960 462 2022 ὡς
508 1959 801 2027 προύτίθει
847 1968 942 2028 τῆς
998 1961 1201 2022 οἰκείας
1258 1962 1415 2029 ζωῆς,
1474 1960 1547 2023 ὡς
1594 1963 1805 2029 φιλοτί-
1830 1981 1872 2013 20

111 2069 226 2117 μως
279 2046 473 2117 ἔτρεφε
526 2047 617 2101 καὶ
674 2048 844 2117 ἀνῆγε
897 2049 1075 2102 πάντα
1128 2059 1327 2117 κινῶν,
1391 2050 1537 2111 ὅπως
1598 2052 1670 2118 μὴ
1727 2045 1806 2102 ὧν

113 2136 348 2191 ἐποιεῖτο
390 2136 567 2207 εὐχῶν
607 2137 1010 2207 ἀπολειφθείην
1052 2135 1172 2206 ἐγώ.
1228 2135 1366 2207 ὑπὲρ
1416 2134 1494 2191 ὧν
1532 2139 1605 2207 μὴ
1646 2139 1807 2208 χάριν

113 2225 320 2279 εἰδέναι
361 2226 654 2294 ἀλλότριον
693 2225 922 2293 ἐνόμισα
961 2225 1199 2293 ἐμαυτοῦ
1246 2225 1336 2280 καὶ
1389 2228 1528 2289 ὅλως
1565 2235 1662 2296 τῆς
1702 2228 1806 2296 φύ-

114 2329 263 2378 σεως.
305 2316 396 2368 διὰ
435 2323 599 2369 τοῦτο
641 2320 736 2385 ζῆν
775 2313 1268 2385 ἐπραγματευόμην
1309 2316 1491 2369 αὐτόν.
1533 2317 1622 2369 καὶ
1655 2319 1712 2386 ζῇ
1746 2335 1806 2384 γε

114 2401 186 2457 δι’
227 2404 318 2473 ἐμὲ
358 2403 666 2475 ἐρρωμένος
705 2406 795 2458 καὶ
833 2405 899 2457 τὰ
938 2405 1172 2471 μάλιστα
1211 2405 1462 2458 εὐεκτῶν.
1507 2406 1553 2457 εἰ
1588 2402 1638 2457 δ’
1676 2404 1807 2457 ἀπο·
1832 2425 1873 2457 25

114 2494 386 2562 κηρύττει,
426 2490 594 2547 οὐδὲν
634 2492 751 2560 ἐμοὶ
792 2502 1028 2561 πρᾶγμα.
1070 2493 1512 2562 ἀποκηρυττέτω,
1553 2491 1806 2546 διωκέτω.

114 2583 290 2650 μόνον
331 2581 496 2645 αὐτὸς
533 2583 718 2652 πόρρω
759 2582 1028 2634 κινδύνου
1068 2581 1288 2651 μενέτω.
1330 2583 1400 2651 μὴ
1441 2581 1806 2651 περιπιπτέτω

114 2678 233 2732 τοῖς
271 2669 459 2732 αὐτοῖς
497 2669 587 2723 καὶ
627 2671 794 2723 πάλιν
834 2670 1095 2739 ἀνιαροῖς.

231 2758 314 2811 70.
369 2757 546 2811 Ἀλλὰ
617 2759 842 2811 δεινὸν
910 2743 978 2811 τὸ
1042 2760 1246 2827 μηδὲν
1306 2769 1433 2812 τῶν
1494 2760 1811 2827 πατρώων

239 2893 262 2931 7
297 2887 597 2946 συνενεχθείη
631 2889 796 2946 scripsi
873 2893 1133 2948 συνενεχθῆ
1160 2891 1256 2934 LV
1386 2895 1442 2933 24
1475 2891 1693 2933 διατοῦτο
1720 2888 1815 2933 LV

238 2952 294 2992 25
326 2947 579 3005 ταμάλιστα
605 2949 704 2993 LV
1710 2973 1713 2976 -

207 3029 833 3063 Lnamsed.1·*oeruter.vl1.
1403 3027 1454 3065 12
