2014 3158
241 133 350 186 364
689 132 955 191 [LIBANH]
986 132 1375 177 DECLAMATIO
1407 133 1484 176 XL

240 277 376 338 γονῇ
418 267 784 337 άτυχέστατον
823 268 1203 337 άποκλαιόμαι.
1269 267 1351 321 79.
1384 267 1570 331 ὁσάκις
1609 270 1710 338 τὴν
1742 267 1928 333 δεξιὰν

239 359 460 426 ὄψομαι,
498 358 823 428 μνημονεύω
863 365 963 410 τοῦ
1005 356 1226 426 ξίφους,
1267 358 1608 427 φαντάζομαι
1652 359 1753 427 τὴν
1792 373 1926 427 σφα-

239 447 343 515 γὴν
381 445 471 500 καὶ
511 448 612 516 τὴν
651 444 738 500 ἐπὶ
784 448 1002 509 τούτοις
1051 446 1314 500 ἀπαιδίαν
1362 445 1804 517 ἀπολοφύρομαι,
1854 447 1928 510 ὡς

235 532 305 604 ἦν
344 535 446 605 μέν
483 554 614 589 ποτε
652 537 827 605 πατὴρ
869 535 974 604 ἐγὼ
1015 535 1106 589 καὶ
1145 536 1338 599 παῖδες
1378 535 1579 589 ἐκεῖνοι
1610 534 1700 589 καὶ
1731 537 1797 589 τὰ
1831 544 1928 606 τῆς

191 646 209 679 5
237 625 457 688 ἐλπίδος
496 626 706 695 φαιδρὰ
751 626 951 688 παῖδας
998 623 1216 693 ἑτέρους
1263 624 1369 678 ἀπὸ
1417 632 1511 693 τῆς
1556 625 1753 688 παιδὸς
1800 627 1926 689 ὄψε-

237 721 370 768 σθαι
419 713 509 767 καὶ
556 714 775 777 πάππος
819 715 952 781 μετὰ
1006 713 1096 766 καὶ
1151 721 1250 767 τοῦ
1303 715 1480 784 πατὴρ
1533 714 1788 783 ἀκοῦσαι,
1835 712 1926 767 καὶ

234 802 412 857 πάντα
458 805 628 856 τᾶλλα
678 804 743 855 τὰ
789 811 884 871 τῆς
929 804 1094 872 τύχης
1141 803 1373 872 λαμπρά.
1421 794 1541 856 ἀλλ’
1595 802 1930 857 ἀντέπνευσέ

235 913 315 955 τις
355 894 565 960 δαίμων
604 893 905 960 βάσκανος,
951 892 1044 945 ἵνα
1093 893 1166 961 μὴ
1213 891 1352 961 λέγω
1400 894 1529 956 τοὺς
1568 893 1790 959 παῖδας,
1835 890 1926 945 καὶ

234 982 300 1034 τὰ
338 979 439 1050 μὲν
476 983 754 1048 προσόντα
792 980 1053 1049 ἀπόλωλε,
1104 982 1170 1034 τὰ
1217 980 1264 1034 δ’
1314 980 1635 1051 ἐλπιζόμενα
1681 994 1926 1051 προσαπ-

169 1093 211 1125 10
234 1073 416 1124 όλωλε.
457 1069 548 1123 καὶ
587 1078 694 1124 νῦν
731 1068 832 1138 μὲν
866 1069 948 1123 ἐπ’
986 1071 1052 1123 οὐ
1083 1075 1272 1133 καλοῖς
1304 1069 1551 1123 ἑάλωσαν
1589 1068 1679 1122 καὶ
1717 1070 1927 1122 πεπτώ-

234 1174 421 1228 κασιν,
471 1159 575 1228 ἐγὼ
625 1157 697 1229 δ’,
748 1160 820 1223 ὡς
870 1161 942 1229 μὴ
997 1160 1242 1228 ὤφελον,
1297 1159 1705 1229 περιλέλειμμαι
1758 1161 1926 1228 μόνος

233 1250 366 1318 μετὰ
404 1257 500 1318 τῆς
539 1250 705 1318 τύχης
743 1246 942 1318 ἔρημος
979 1250 1219 1316 παίδων,
1267 1247 1659 1318 ἐκκεκομμένος
1709 1249 1804 1311 τὰς
1842 1246 1926 1302 ἐλ-

233 1339 412 1406 πίδας,
450 1337 847 1408 περιῃρημένος
886 1339 951 1391 τὰ
991 1339 1240 1406 φίλτατα.

346 1427 431 1480 80.
463 1427 555 1490 Ὡς
594 1427 888 1496 ἀνομοίαν,
930 1424 971 1480 ὦ
1011 1430 1162 1495 θεοί,
1214 1428 1314 1495 τὴν
1353 1425 1560 1497 ἡμέραν
1600 1420 1752 1479 εἶδον
1793 1425 1926 1480 ἐκεί-

168 1537 208 1570 15
234 1537 355 1585 νην,
396 1516 557 1570 ὁπότε
596 1517 846 1570 παστάδα
886 1515 1160 1586 ἐκόσμουν
1199 1514 1288 1569 καὶ
1319 1523 1429 1584 πῦρ
1461 1517 1567 1583 πρὸ
1603 1523 1698 1584 τῆς
1727 1516 1927 1579 παιδὸς

144 1610 264 1654 RIV
283 1614 364 1654 611
413 1605 715 1674 ὑπανεῖχον
750 1603 755 1676 Ι
791 1608 1073 1675 γαμήλιον.
1113 1607 1234 1658 τότε
1269 1606 1443 1674 πατὴρ
1478 1604 1788 1674 ε’καλούμην
1820 1603 1924 1673 ἐγὼ

232 1695 322 1747 καὶ
361 1693 612 1763 θυγάτηρ
656 1693 833 1762 ἐκείνη
870 1694 958 1747 καὶ
992 1696 1197 1764 τρόπον
1230 1692 1417 1764 ἕτερον
1447 1702 1575 1756 παῖς
1606 1693 1635 1747 ὁ
1668 1696 1925 1763 νυμφίος.

232 1781 350 1836 ἀλλ’
398 1784 524 1835 οὔτε
563 1784 756 1846 παῖδες
797 1783 996 1836 ἐκεῖνοι
1028 1784 1161 1850 μετὰ
1191 1784 1289 1836 τὸν
1320 1784 1498 1852 γάμον
1529 1784 1628 1836 τὸν
1663 1783 1925 1852 δυστυχῆ,

232 1873 329 1924 τὸν
378 1871 649 1941 ἐπάρατον
696 1868 810 1925 οὔτ’
861 1871 966 1939 ἐγὼ
1012 1874 1188 1941 πατὴρ
1241 1874 1319 1924 ἔτι
1372 1875 1657 1939 καλοῦμαι.
1712 1869 1925 1924 ἐκεῖνον

166 1983 208 2015 20
232 1961 330 2014 τὸν
375 1961 554 2030 γάμον
602 1964 852 2030 Τελχῖνες
899 1959 1204 2029 ἐζεύξαντο,
1261 1959 1476 2028 ἐκείνην
1522 1960 1622 2028 τὴν
1675 1960 1925 2012 παστάδα

229 2050 508 2119 Ἐριννύες
571 2049 851 2118 ἐπήξαντο.
913 2050 1087 2119 τάφος
1140 2046 1209 2118 ἧν
1265 2049 1293 2102 ὁ
1348 2048 1519 2118 γάμος
1572 2049 1780 2111 ἐκεῖνος
1832 2047 1923 2101 καὶ

234 2137 683 2207 Πυριφλεγέθων
745 2139 801 2191 αἱ
864 2139 1028 2210 δᾷδες
1088 2136 1178 2191 καὶ
1242 2139 1503 2200 Κωκυτὸς
1558 2136 1586 2190 ὁ
1649 2136 1921 2206 ὑμέναιος.

233 2226 318 2279 81.
358 2225 447 2280 καὶ
496 2234 603 2280 νῦν
649 2227 856 2290 παστὰς
901 2228 1149 2296 νυμφικὴ
1195 2227 1332 2296 πρὸς
1380 2227 1692 2298 τραγῳδίαν
1739 2225 1924 2278 ἀπετε-

351 2391 407 2430 20
440 2386 496 2430 cf.
529 2402 575 2443 p.
602 2391 700 2440 325,
721 2392 745 2430 5
869 2392 922 2430 21
958 2402 1024 2443 sq.
1050 2387 1106 2431 cf.
1134 2389 1166 2431 t.
1185 2387 1225 2430 V
1245 2391 1343 2442 145,
1364 2391 1440 2443 123
1472 2387 1504 2430 ὓ.
1531 2385 1593 2429 IV
1611 2390 1712 2442 803,
1731 2390 1782 2429 11
1804 2385 1923 2441 sq.R

351 2452 405 2489 23
440 2446 597 2503 Sopat.
630 2446 659 2489 l.
686 2447 715 2489 1.
740 2462 784 2503 p.
812 2452 910 2500 232,
933 2452 984 2491 11
1005 2462 1071 2502 sq.

353 2600 375 2638 1
410 2592 715 2652 ἀτυχέστατον
749 2594 913 2650 scripsi
989 2593 1292 2652 ἀτυχέστερον
1327 2592 1436 2637 libri
1469 2593 1559 2636 edd
1695 2598 1719 2635 3
1755 2591 1922 2648 ὀλοφύ-

232 2670 370 2710 ρομαι
391 2656 478 2698 Μα
600 2658 625 2696 6
649 2653 824 2708 πατρὸς
844 2655 898 2697 Vi
1020 2659 1043 2696 7
1068 2653 1208 2697 τᾶλλα
1226 2652 1381 2696 πάντα
1400 2653 1545 2697 Man
1557 2653 1612 2696 Vi
1733 2656 1784 2694 11
1813 2650 1920 2706 ὄφε-

231 2714 375 2756 λονΒ
497 2718 551 2756 14
584 2711 786 2768 ἀνομίαν
809 2715 897 2756 ,Μα
909 2713 1044 2757 ViVa
1166 2717 1219 2755 16
1252 2712 1507 2768 ὑπανεῖχον
1539 2710 1704 2766 scripsi
1735 2724 1760 2753 e
1785 2710 1921 2753 LMa

235 2772 399 2816 OlViB
411 2773 480 2816 Va
542 2771 787 2827 ἐπανεῖχον
813 2773 886 2815 Ρα
911 2771 1001 2815 edd
1124 2776 1177 2815 19
1211 2767 1310 2814 ἀλλ’
1339 2773 1447 2814 ante
1473 2770 1653 2815 ἐκεῖνον
1677 2770 1803 2813 BVa

233 2836 284 2873 21
320 2831 400 2874 καὶ
433 2832 540 2874 ante
571 2830 722 2885 τάφος
747 2831 872 2874 BVa
898 2833 903 2886 Ι
933 2830 1108 2882 ἐκεῖνος
1135 2829 1158 2874 ὃ
1184 2830 1330 2887 γάμος
1357 2830 1567 2874 ΜαΟΠῙι
1686 2833 1740 2871 22
1776 2831 1921 2881 Πυρι-

234 2888 476 2946 φλεγέθων
507 2889 693 2945 reposui
726 2902 750 2932 e
781 2889 914 2933 libris
982 2896 1075 2944 πῦρ
1109 2887 1341 2945 φλεγέθον
1373 2888 1465 2932 edd
1497 2888 1578 2932 sed
1609 2905 1664 2946 γρ
1696 2889 1920 2943 πυριφλε-

234 2946 390 3006 γέθων
422 2948 471 2994 in
502 2963 637 3008 marg
667 2949 768 2993 Mor
795 2947 1059 3006 ΙὙμέναιος
1090 2947 1191 2995 Mor
1221 2948 1289 3006 Re
