2014 3158
218 111 329 164 634
629 110 858 155 LIBANII
889 110 1280 156 DEGLAMATIO
1313 111 1501 155 XLVIII
1553 126 1560 133 ·

217 251 325 310 λως
377 244 479 317 μὲν
533 245 666 316 ἡμῖν
720 246 787 300 οὐ
840 249 1107 316 πονηρός,
1169 246 1420 301 ἀπιστεῖν
1475 244 1536 300 δὲ
1591 248 1695 302 οὐκ
1747 244 1913 302 οἶδεν.

218 337 367 400 ὅστις
407 333 511 391 οὗν
551 335 767 390 δέδοικε
798 338 900 406 τὴν
933 335 1203 406 ἐσομένην
1235 336 1416 406 λύπην
1448 337 1520 399 ὡς
1550 337 1764 406 βλάβην
1797 336 1914 390 ἐσο-

218 425 390 496 μένην
437 427 513 488 εἰς
559 426 660 479 τὸν
705 427 948 494 πόλεμον
1001 434 1066 496 τῇ
1121 427 1302 494 πόλει,
1358 429 1625 479 σκοπείτω
1676 426 1768 479 καὶ
1813 426 1915 494 τὴν

217 523 506 583 παροῦσαν
545 515 637 567 καὶ
674 515 810 584 τάχα
850 514 1070 586 εὑρήσει
1114 516 1289 584 μείζω.
1354 515 1440 567 62.
1482 514 1641 568 ἀλλὰ
1688 515 1913 569 δεινὸν
1955 537 1958 539 >

174 604 545 674 εεύφρᾶναι
592 605 745 666 τοὺς
790 602 1162 673 πολεμίους.
1217 605 1278 658 τὸ
1320 605 1423 672 γὰρ
1464 611 1571 657 νῦν
1608 602 1913 675 πεπραγμέ-

217 713 321 747 νον
375 694 476 763 οὐχ
533 694 727 747 ἰκανὸν
787 693 1086 763 εὐφρᾶναι;
1150 692 1436 761 ἐκκλησίας
1498 692 1806 760 ἀναστάσης
1861 695 1914 747 οἱ

217 781 412 836 πολλοὶ
445 784 786 852 δραμοῦνται
818 781 947 851 παρ’
980 781 1224 845 ἐκείνους
1256 781 1615 851 ἀγγέλλοντες
1645 783 1747 851 τὴν
1777 781 1915 851 ἐμὴν

217 871 575 941 ἀτιμίαν.οὐ
631 873 735 942 γὰρ
783 871 970 925 οἴεσθε
1015 872 1082 924 τὰ
1129 872 1249 942 ἱερὰ
1296 871 1538 936 ἀνοίξειν
1577 871 1780 934 αὐτοὺς
1821 869 1914 925 καὶ

217 962 419 1015 θύσειν
459 961 532 1024 ὡς
572 959 660 1014 ἐπὶ
700 964 986 1031 τροπαίοις
1032 962 1123 1015 καὶ
1169 963 1270 1030 τὴν
1318 960 1406 1015 ἐπὶ
1452 971 1566 1024 τοῖς
1604 962 1914 1015 πεπτωκόσι

153 1072 196 1106 10
220 1051 401 1121 λύπην
440 1060 699 1119 κουφιεῖν
738 1045 822 1113 οἷς
860 1049 985 1120 περὶ
1025 1051 1127 1119 τὴν
1166 1056 1383 1119 αἴτησιν
1415 1050 1703 1120 ὕβρισμαι;
1743 1050 1828 1103 63.
1861 1051 1918 1104 τί

217 1141 321 1209 γὰρ
362 1139 432 1193 ἂν
470 1138 561 1193 καὶ
593 1142 775 1207 μεῖζον
815 1142 1046 1208 ζητοῖεν;
1089 1141 1387 1210 άνθρωπος
1426 1140 1486 1192 τὸ
1526 1140 1740 1209 θράσος
1779 1139 1914 1193 ἐκεί-

217 1250 337 1293 νοις
384 1232 720 1299 μεταστήσας
769 1231 846 1292 εῑς
894 1231 1076 1297 φόβον
1121 1227 1212 1282 καὶ
1258 1231 1607 1292 πεπονθότας
1652 1226 1833 1293 δείξας
1879 1228 1914 1282 ἃ

217 1320 445 1389 δράσειν
489 1319 758 1387 ἠπείλουν
803 1316 895 1372 καὶ
942 1320 1072 1381 τοὺς
1118 1318 1220 1388 μὲν
1271 1316 1615 1388 ἀποσφάξας,
1669 1320 1798 1380 τοὺς
1852 1314 1914 1370 δὲ

217 1410 437 1471 δειλοὺς
475 1408 767 1477 ἀποφήνας
811 1408 901 1461 καὶ
948 1409 1050 1477 τὴν
1095 1417 1208 1460 τῶν
1254 1407 1559 1478 ἀλλοτρίων
1610 1406 1913 1474 ἐπιθυμίαν

150 1518 192 1551 15
218 1499 295 1561 εἰς
334 1498 435 1566 τὴν
472 1497 611 1565 ὑπὲρ
651 1506 763 1550 τῶν
798 1498 1017 1551 οἰκείων
1049 1497 1340 1565 εὐλάβειαν
1370 1495 1628 1566 μεταθεὶς
1659 1494 1749 1549 καὶ
1781 1497 1911 1559 τοὺς

217 1584 318 1657 μὲν
356 1587 588 1654 παίδων,
627 1588 759 1649 τοὺς
798 1585 860 1639 δὲ
899 1585 1135 1655 γονέων,
1187 1587 1393 1649 πολλὰς
1432 1583 1493 1639 δὲ
1533 1585 1756 1655 ἀνδρῶν
1794 1599 1911 1639 στε-

217 1677 404 1745 ρήσας,
445 1677 742 1745 ἄνθρωπος
780 1683 898 1738 τοῖς
936 1671 1025 1728 ἀπ’
1066 1673 1294 1728 ἐκείνων
1332 1675 1607 1744 λαφύροις
1638 1677 1914 1744 κοσμήσας

217 1766 278 1818 τὸ
326 1765 464 1817 ἄστυ
511 1763 602 1816 καὶ
649 1766 779 1827 τοὺς
827 1766 1158 1834 προσιόντας
1207 1765 1511 1827 κινδύνους
1556 1763 1914 1832 ἀπωσάμενος

216 1854 306 1907 καὶ
339 1855 672 1923 διατηρήσας
713 1854 847 1923 ἱερά,
888 1853 1031 1922 ὅσια,
1068 1855 1331 1924 χρήματα,
1373 1854 1611 1922 σώματα,
1651 1855 1781 1916 τοὺς
1819 1849 1914 1906 τά-

152 1964 194 1996 20
219 1963 378 2013 φους,
417 1942 518 2011 τὴν
555 1944 745 2011 πόλιν,
792 1943 893 2010 τὴν
932 1943 1142 2013 χώραν,
1188 1940 1279 1996 καὶ
1319 1943 1453 2005 δοὺς
1491 1940 1615 1995 ἀντὶ
1654 1935 1753 1996 τοῦ
1792 1940 1912 2011 τρέ-

217 2051 342 2101 μειν
380 2033 686 2095 παιανίζειν
725 2030 816 2084 καὶ
849 2037 1266 2101 στεφανοῦσθαι
1298 2030 1388 2085 καὶ
1419 2040 1632 2101 πρῶτος
1663 2029 1913 2100 ἐμπεσὼν

219 2122 296 2184 εἰς
334 2119 534 2190 μέσους
573 2119 797 2183 ὁπλίτας
843 2121 932 2173 καὶ
981 2129 1075 2190 τῆς
1122 2122 1391 2189 σωτηρίας
1442 2119 1784 2190 ὀλιγωρήσας
1820 2117 1912 2172 καὶ

218 2218 312 2279 τῆς
358 2210 619 2279 τιμωρίας
673 2208 1018 2279 ἐπιθυμήσας
1065 2206 1227 2272 οὗτος
1275 2209 1303 2264 ὁ
1351 2210 1634 2263 τοσούτων
1680 2209 1913 2276 ἀγαθῶν

219 2303 392 2361 αἴτιος
432 2299 508 2360 εἰς
548 2298 762 2368 δωρεὰν
800 2298 906 2351 ὑπὸ
947 2306 1047 2351 τοῦ
1089 2299 1266 2367 δήμου
1318 2296 1649 2367 κεκλημένος
1687 2299 1912 2366 αἰτήσας

345 2494 366 2532 1
413 2484 542 2534 οἶδεν
593 2486 759 2544 scripsi
803 2501 827 2531 e
867 2489 1099 2534 LPAthB
1191 2485 1315 2533 εἶδεν
1355 2488 1463 2533 Mos
1513 2487 1605 2531 edd
1762 2493 1788 2531 2
1835 2485 1910 2532 δέ-

220 2564 340 2622 δοωικε
356 2578 401 2622 L
521 2581 548 2620 4
581 2580 735 2632 μεῖζον
751 2577 846 2620 Ath
966 2582 992 2620 5
1018 2578 1066 2621 eb
1091 2581 1115 2621 6
1142 2575 1374 2634 εὐφράναι
1397 2576 1507 2620 libri
1532 2576 1623 2622 edd
1744 2581 1770 2621 6
1795 2577 1911 2622 ἀνα-

221 2635 391 2692 στάσης
421 2635 586 2692 scripsi
619 2649 644 2680 θ
669 2635 855 2680 PAthB
886 2637 940 2680 ub
971 2635 1076 2680 coni
1107 2636 1175 2681 Re
1251 2634 1502 2686 ἀναστάσις
1525 2636 1568 2680 L
1597 2635 1679 2679 sed
1709 2652 1737 2692 η
1771 2650 1911 2692 supra

222 2713 252 2750 ι,
277 2696 386 2741 Mos
417 2695 519 2738 Mor
551 2695 632 2739 sed
664 2693 915 2746 ἀνάστασις
946 2694 1042 2738 Not
1063 2695 1095 2739 f.
1127 2695 1206 2738 VH
1232 2700 1272 2746 3,
1297 2695 1364 2738 Re
1427 2694 1650 2748 ἀναστὰς;
1683 2694 1793 2739 Ferr

224 2759 275 2798 17
310 2751 570 2798 ἀπεκείνων
594 2754 638 2798 L
776 2758 828 2796 19
860 2753 968 2804 τοὺς
998 2754 1173 2798 inserui
1206 2768 1260 2798 ex
1285 2754 1535 2798 AthMosB
1596 2767 1671 2797 om
1700 2754 1793 2798 LP
1819 2753 1910 2797 edd

340 2817 394 2856 21
428 2820 608 2867 πρῶτος
639 2812 846 2868 ἐμπεσὼν
879 2813 1044 2869 scripsi
1085 2815 1273 2857 auctore
1304 2812 1514 2857 Iacobsio
1547 2812 1653 2855 Add
1686 2816 1771 2856 268
1803 2812 1909 2868 App

222 2872 333 2915 Pors
367 2875 452 2915 329
477 2871 590 2916 Leot
650 2871 979 2927 προσεμπεσὼν
1011 2871 1121 2915 libri
1153 2872 1243 2916 edd
1268 2873 1348 2916 sed
1373 2872 1673 2927 προεμπεσὼν
1705 2872 1809 2915 coni
1840 2871 1908 2914 Re

343 2936 396 2974 22
430 2936 512 2986 τῆς
543 2944 618 2974 om
642 2931 686 2974 B
