2044 3168
97 107 180 151 AD
212 105 711 151 ANTECEDENTEM
741 103 1271 150 DEGLAMATIONEM
1302 103 1635 150 ANTILOGIA
1684 105 1790 158 155

101 261 202 295 νον
241 242 374 313 ὁρᾷς
413 244 607 311 ἔχοντα
645 243 789 310 βίον,
838 246 1190 310 προσμαθεῖν
1237 238 1299 294 δὲ
1343 240 1435 294 καὶ
1475 242 1624 304 ὅστις
1659 240 1792 295 ποτ’

97 330 414 399 ἀνθρώπων
438 330 471 399 ἢ
492 335 644 383 θεῶν
669 329 697 383 ὁ
723 330 976 392 σεσωκὼς
1002 326 1072 397 ἦν
1087 337 1188 382 τοῦ
1211 330 1483 383 τοσούτου
1500 332 1789 397 κινδύνου,

97 418 189 473 καὶ
229 422 584 489 μεμαθηκότα
623 419 785 489 χάριν
825 417 1032 472 εἰδέναι
1071 427 1166 488 τῆς
1212 422 1484 489 σωτηρίας
1520 427 1791 473 τοσοῦτον

97 508 472 579 ἀφιστάμενον
500 510 892 577 δυσμεναίνειν
923 506 1130 580 ἐκείνω,
1155 507 1365 562 ὁπόσον
1390 508 1458 576 δὴ
1484 510 1790 578 λειπόμεθα

96 596 188 651 καὶ
228 599 358 661 τοὺς
399 599 478 660 εἰς
515 598 617 665 τὴν
658 598 799 666 ζωὴν
836 597 993 665 ἡμῶν
1026 595 1489 666 ἐπιβουλεύοντας
1529 597 1788 650 ἐπαινεῖν.
1836 618 1856 651 5

207 687 293 739 29.
348 685 484 740 Ἀλλ’
539 686 670 749 ἴσως
731 687 793 738 τὸ
848 685 949 753 μέν
1010 700 1099 739 σοι
1152 685 1392 755 μέγεθος
1443 693 1543 739 τοῦ
1598 686 1790 739 κινδύ-

99 796 197 829 νου
239 775 342 828 οὐκ
380 777 666 844 ἄγνωστον
705 770 848 827 εἶναι
894 776 1026 843 φής,
1074 773 1213 827 ἀλλὰ
1259 783 1452 844 σαφῶς
1498 771 1654 838 οἶδας
1698 772 1789 827 καὶ

94 873 194 918 τοῦ
244 862 566 928 διδάξοντος
605 863 673 916 οὐ
711 862 980 933 προσδέῃ,
1028 862 1393 933 ἀμφιβάλλεις
1430 864 1492 917 δὲ
1530 864 1656 934 περὶ
1694 872 1790 933 τῆς

96 956 366 1023 σωτηρίας
403 951 496 1005 καὶ
530 953 679 1015 ὅστις
719 965 809 1004 σοι
847 952 1048 1020 ταύτης
1094 951 1300 1022 ὑπῆρξε
1338 954 1639 1023 παραίτιος.
1688 953 1790 1006 οὐκ

93 1044 398 1111 αὐτόματός
430 1055 537 1110 σοι,
576 1040 765 1111 πάτερ,
806 1039 1022 1108 ἐγένετο
1056 1039 1178 1094 οὐδ’
1215 1039 1275 1095 ἔκ
1306 1062 1460 1104 τινος
1489 1043 1674 1112 τύχης,
1714 1042 1788 1105 ὡς
1812 1063 1855 1096 10

92 1131 163 1185 ἂν
203 1132 479 1200 οἰηθείης,
528 1130 667 1184 ἀλλὰ
705 1131 839 1193 θεὸς
877 1130 980 1199 μὲν
1018 1132 1084 1183 τὰ
1124 1140 1311 1200 πρῶτα
1359 1131 1790 1200 ἀντιλαβόμενος

92 1223 286 1289 ἔσωσε,
336 1221 471 1289 μετὰ
510 1217 572 1273 δὲ
610 1227 784 1272 ταῦτα
822 1218 913 1272 καὶ
961 1220 1096 1273 ὅσον
1137 1221 1214 1282 εἰς
1262 1220 1599 1290 ἀνθρώπους
1636 1217 1788 1289 ἧκεν,

94 1309 216 1378 ἐγώ.
270 1308 361 1362 καὶ
408 1311 519 1362 τίνι
565 1310 670 1378 γὰρ
712 1306 876 1380 ἑτέρῳ
925 1306 1039 1361 ἀντ’
1095 1307 1230 1376 ἐμοῦ
1276 1316 1440 1362 τοῦτο
1487 1317 1787 1381 προσῆκεν;

89 1396 272 1452 ἔσωσα
311 1396 377 1451 δέ
409 1413 487 1467 σε,
527 1399 710 1468 ὥσπερ
750 1400 881 1460 τοὺς
920 1399 998 1460 εἰς
1029 1399 1281 1451 θάνατον
1313 1397 1695 1466 ἀπαγομένους
1734 1400 1788 1452 οὶ

89 1497 203 1541 τῶν
245 1487 564 1558 ἀνθρώπων
603 1489 1144 1557 φιλανθρωπότεροι,
1198 1487 1470 1540 ταλάντου
1519 1485 1784 1557 ἐξωνησά-
1811 1508 1853 1541 15

90 1597 256 1647 μενος
300 1577 392 1630 καὶ
439 1578 505 1630 τὰ
549 1586 767 1646 σῶστρα
816 1578 1259 1645 καταβαλόμενος
1297 1583 1392 1644 τῆς
1431 1579 1578 1645 ζωῆς.
1625 1574 1786 1647 ἐρρυ-

90 1667 272 1736 σάμην
303 1669 478 1735 πολλῇ
511 1673 576 1735 τῇ
609 1667 842 1735 σπουδῇ.
874 1667 931 1718 τί
959 1662 1021 1718 δὲ
1053 1665 1155 1718 οὐκ
1180 1661 1412 1734 ἔμελλον
1436 1667 1570 1728 δοὺς
1601 1667 1666 1718 τὰ
1700 1666 1786 1733 σά,

91 1755 233 1809 ὅπου
272 1774 334 1823 γε
372 1753 476 1808 κάκ
514 1764 626 1807 τῶν
667 1755 828 1807 ἰδίων
857 1750 997 1823 ὑπὲρ
1043 1756 1213 1823 φίλου
1246 1755 1675 1817 κινδυνεύοντος
1710 1755 1785 1822 μὴ

87 1851 253 1897 τοῦτο
287 1845 487 1913 δρᾶσαι
518 1845 645 1895 λίαν
669 1841 1069 1910 ἀπάνθρωπον,
1094 1843 1277 1912 ὥσπερ
1302 1839 1373 1896 αὖ
1398 1844 1614 1906 δικαίας
1645 1844 1786 1911 γνώ-

87 1953 192 2002 μης
221 1934 518 2001 τεκμήριον
547 1930 638 1984 καὶ
671 1930 1030 2000 ἀνθρωπίνης
1061 1932 1234 1994 ὄντως
1263 1933 1326 1986 τὸ
1370 1940 1490 1994 ταῖς
1520 1931 1786 1999 ἀνάγκαις
1810 1954 1853 1987 20

87 2030 200 2074 τῶν
240 2023 423 2088 φίλων
460 2021 778 2089 ὑπηρετεῖν;
831 2018 923 2072 καὶ
962 2021 1072 2088 μὴν
1122 2020 1225 2073 οὐκ
1272 2019 1327 2084 ἐξ
1377 2025 1501 2074 ἴσου
1547 2020 1785 2091 πατέρας

87 2129 144 2162 τε
197 2108 288 2162 καὶ
345 2111 547 2177 φίλους
600 2107 873 2175 τιθέμεθα
921 2106 1052 2162 οὐδὲ
1101 2118 1214 2162 τῶν
1267 2109 1454 2162 αὐτῶν
1503 2108 1783 2179 ἀξιοῦμεν,

88 2198 227 2251 ἀλλὰ
264 2208 380 2260 τοῖς
417 2198 520 2266 μὲν
557 2198 624 2250 τὰ
664 2196 862 2250 δέοντα
901 2200 1259 2267 χαριζόμεθα,
1305 2199 1543 2268 πατράσι
1591 2199 1653 2252 δὲ
1690 2197 1783 2252 καὶ

87 2285 202 2339 κατ’
258 2286 503 2355 ἀνάγκην
550 2287 907 2355 δουλούμεθα
960 2287 1207 2359 τοσούτῳ
1254 2290 1464 2354 μᾶλλον
1509 2289 1644 2358 πρὸς
1680 2289 1783 2341 καύ-

87 2377 217 2438 τοὺς
255 2374 567 2444 βλέποντες,
609 2375 719 2446 ὅσω
760 2376 859 2427 τὸν
896 2384 992 2444 τῆς
1024 2377 1245 2444 φύσεως
1278 2377 1483 2443 δεσμὸν
1513 2384 1613 2429 τοῦ
1645 2378 1784 2430 κατὰ
1806 2397 1849 2430 25

85 2466 411 2533 προαίρεσιν
457 2467 669 2533 μᾶλλον
716 2466 992 2533 ἄρρηκτον
1048 2470 1207 2533 ἴσμεν
1261 2463 1351 2517 καὶ
1408 2466 1782 2535 ἰσχυρότερον.

88 2553 174 2605 30.
213 2551 303 2605 καὶ
353 2555 409 2605 τί
446 2553 514 2621 δὴ
562 2552 700 2620 λέγω
741 2560 907 2606 τοῦτο
947 2553 1019 2615 ὡς
1058 2552 1195 2622 μέγα
1233 2573 1287 2606 τι
1325 2552 1417 2606 καὶ
1456 2555 1677 2624 σφόδρα
1716 2554 1783 2607 ὃν

90 2642 226 2710 πρὸς
265 2640 419 2709 ἡμῶν
458 2643 519 2695 τὸ
561 2641 681 2694 δεῖν
720 2643 920 2709 φίλους
958 2643 1122 2704 ὄντας
1166 2642 1345 2695 πάντα
1391 2645 1598 2711 τρόπον
1640 2640 1780 2712 ὑπὲρ

206 2747 231 2784 3
264 2742 488 2786 τοσούτου
513 2743 557 2786 V
672 2747 697 2785 6
730 2741 814 2798 μέν
844 2756 918 2786 σοι
950 2742 1117 2799 scripsi
1147 2757 1172 2786 e
1199 2744 1243 2787 V
1297 2742 1515 2799 μέντοιΙι
1636 2748 1662 2787 8
1694 2744 1781 2800 ἀμ-

86 2800 283 2859 φιβάλλη
318 2802 361 2845 V
489 2806 540 2844 11
580 2799 794 2857 οἰηθείης
825 2800 990 2857 scripsi
1052 2802 1224 2858 οἰηθῆς
1248 2803 1346 2846 LV
1388 2803 1395 2861 Ι
1444 2810 1663 2857 ταπρῶτα
1690 2803 1789 2846 LV

207 2865 262 2962 ἐξ
292 2859 588 2963 {ZiioegngL
711 2864 765 2904 16
797 2860 1199 2918 καταβαλλόμενος
1218 2862 1318 2905 LV
1432 2867 1484 2904 21
1522 2860 1672 2914 ἐξίσου
1690 2861 1789 2906 LV
