2014 3158
899 655 957 708 L.

84 773 449 845 Ἐγράψατό
492 794 586 837 τις
624 775 738 828 τὸν
778 773 1014 828 ἑαυτοῦ
1055 776 1253 828 παῖδα
1292 774 1714 844 βουλεύσεως.
1755 773 1787 827 ὁ

89 873 240 926 παῖς
295 863 569 934 ἀκρίτως
624 863 992 917 ἀποθανεῖν
1046 863 1219 927 ἀξιοῖ
1272 864 1432 917 κατὰ
1468 865 1594 917 *τὸν
1637 861 1785 933 περὶ

590 963 717 1006 τῶν
756 953 1039 1022 ἀκρίτων
1078 955 1296 1022 νόμον.

204 1071 249 1124 1.
298 1072 371 1124 Τὸ
410 1068 512 1141 μὲν
551 1067 655 1125 οὖν
700 1071 1117 1142 εὐτυχέστερον,
1158 1069 1199 1125 ὦ
1240 1076 1485 1139 πολῖται,
1531 1072 1604 1141 μὴ
1643 1075 1875 1123 Rlvsss

89 1160 224 1231 πρὶν
280 1156 425 1215 εἷναί
475 1182 570 1231 μοι
624 1163 820 1229 καιρὸν
875 1160 963 1215 ἐπὶ
1009 1160 1154 1215 τοῦτ’
1211 1161 1483 1229 ἀναβῆναι
1530 1162 1592 1213 τὸ
1638 1162 1785 1229 βῆμα
1833 1181 1853 1214 5

89 1250 218 1320 μηδ’
262 1247 333 1304 αὖ
380 1249 506 1318 περὶ
552 1252 767 1304 τούτων
811 1250 1020 1304 ὁποίων
1061 1258 1169 1305 νῦν
1217 1250 1360 1321 ἐρῶν
1406 1249 1641 1320 ἀφῖγμαι
1686 1269 1785 1317 μη-

91 1339 286 1394 δέποτε
324 1342 523 1409 λόγους
563 1339 625 1393 ἐν
661 1340 796 1409 ὑμῖν
833 1343 1196 1409 ποιήσασθαι·
1245 1338 1360 1393 ἐπεὶ
1410 1340 1472 1392 δὲ
1517 1337 1787 1402 εὔξασθαι

90 1429 193 1498 μὲν
232 1429 268 1482 ἅ
305 1450 386 1492 τις
417 1417 674 1497 βούλεται
715 1427 932 1500 ῥᾴδιον,
970 1430 1264 1500 πράττεται
1296 1427 1357 1482 δὲ
1387 1429 1455 1481 τὰ
1485 1436 1581 1497 τῆς
1620 1427 1785 1495 ἀνάγ-

90 1538 188 1587 κης
242 1516 333 1571 καὶ
387 1519 595 1586 ταύτην
648 1518 750 1572 οὐκ
797 1516 882 1571 ἔνι
929 1519 1228 1587 διαφυγεῖν
1282 1519 1409 1571 οὔτε
1457 1516 1606 1580 νέοις
1659 1516 1787 1569 οὔτε

90 1606 374 1677 γέρουσιν,
398 1607 510 1675 ἥκω
545 1608 878 1677 δεησόμενος
907 1607 1065 1675 ὑμῶν
1095 1600 1393 1678 ἄνθρωπος
1426 1605 1545 1659 οὐδ’
1586 1607 1786 1666 ἱκανῶς
1812 1626 1856 1659 ιο

213 1769 333 1814 Mon
357 1790 412 1806 =
439 1766 593 1812 Codex
623 1768 915 1813 Monacensis
947 1784 1014 1825 gr.
1042 1773 1097 1812 96

220 1828 289 1872 Va
355 1850 411 1865 =
436 1827 693 1871 Vaticanus
725 1843 793 1885 gr.
819 1832 874 1872 82

212 1888 259 1932 A
354 1909 408 1924 =
433 1887 770 1931 Ambrosianus
802 1887 837 1930 L
864 1891 919 1930 64

214 1948 305 1991 Ma
355 1969 411 1986 =
436 1947 726 1991 Matritensis
758 1951 890 2002 4679,
924 1946 1038 1991 olim
1070 1946 1212 1990 N-49

214 2007 266 2051 Ol
353 2028 408 2043 =
434 2006 718 2050 Bodleianus
751 2006 1080 2050 Miscellaneus
1112 2010 1222 2061 208,
1254 2005 1367 2050 olim
1400 2003 1787 2048 claromontanus

213 2066 259 2109 B
358 2088 413 2103 =
439 2065 723 2110 Barberinus
746 2066 790 2110 Π
812 2070 867 2109 41
903 2065 1071 2123 (Vatic.
1105 2065 1242 2109 Barb.
1269 2067 1372 2122 220)

215 2218 236 2257 1
272 2212 496 2270 Harpocr.
530 2228 562 2258 s,
591 2229 630 2257 V.
664 2214 944 2272 βουλεύσεως

216 2365 239 2405 1
268 2358 540 2418 Ἐγράψατο
563 2387 622 2394 -
655 2365 680 2404 3
713 2361 858 2419 νόμον
890 2362 1043 2418 spatio
1075 2362 1239 2407 relicto
1271 2376 1347 2406 om
1379 2362 1447 2406 Va
1482 2364 1488 2415 Ι
1521 2361 1672 2404 παῖδα
1699 2361 1788 2405 Ma

95 2464 177 2508 sod
210 2465 292 2507 αιδ
323 2478 464 2520 supra
494 2478 569 2508 ras
602 2470 628 2508 2
660 2464 740 2508 litt
769 2465 840 2508 m'
982 2470 1007 2508 2
1048 2465 1236 2520 ἄκριτος
1258 2466 1352 2509 ΑΒ
1496 2467 1521 2506 3
1553 2435 1646 2509 τῖῖιν
1670 2464 1790 2508 Mon

213 2528 241 2566 4
273 2520 359 2567 οὖν
390 2523 515 2567 inser
549 2523 639 2568 Va'
688 2527 694 2580 Ι
741 2523 1063 2582 εὐτυχέστερον
1091 2527 1181 2569 Μα
1212 2525 1295 2568 sed
1325 2524 1374 2566 in
1405 2538 1479 2566 ras
1510 2523 1688 2568 minore
1719 2521 1790 2565 m²

155 2596 231 2626 om
266 2582 484 2627 VaAGzB
534 2585 540 2637 Ι
590 2579 625 2627 ὦ
657 2582 826 2639 ἄνδρες
850 2585 939 2629 Μα
971 2585 1052 2628 sed
1083 2585 1132 2627 in
1163 2597 1239 2627 ras
1270 2583 1449 2627 minore
1478 2581 1549 2625 m²
1668 2586 1694 2625 6
1726 2581 1787 2637 μὴ

95 2637 140 2685 δ’
176 2641 288 2684 libri
318 2641 386 2685 Re
531 2646 555 2685 7
587 2641 900 2697 ποιήσασθαι,
940 2644 1159 2699 φανερὸν.
1203 2643 1304 2687 ἐπεὶ
1328 2643 1372 2685 Β
1422 2644 1429 2698 Ι
1478 2640 1707 2695 εὔξασθαι
1732 2666 1786 2673 -

95 2704 121 2743 9
155 2701 408 2756 διαφυγεῖν
438 2701 710 2757 praemissis
740 2702 894 2746 verbis
929 2708 1009 2759 τῆς
1038 2701 1223 2759 μελέτης
1256 2701 1306 2745 ἐν
1336 2694 1365 2759 ᾗ
1397 2707 1510 2750 παῖς
1539 2700 1669 2756 παρὰ
1699 2715 1788 2743 πα-

93 2758 202 2812 τρὸς
232 2761 427 2816 γραφεὶς
451 2761 730 2817 βουλεύσεως
756 2761 957 2816 ἀκρίτως
979 2763 1246 2806 ἀποθανεῖν
1269 2760 1398 2812 ἀξιοῖ
1418 2759 1535 2803 citat
1556 2759 1790 2804 Macarius

96 2816 313 2875 Chrysoc.
338 2818 417 2862 fol.
445 2823 500 2862 78
526 2819 773 2877 (Villoison
796 2820 970 2865 Anocd.
996 2821 1038 2863 II
1064 2826 1139 2873 113
1174 2819 1329 2862 Reisk.
1355 2818 1454 2863 Lib.
1479 2820 1512 2863 t.
1537 2818 1558 2861 I
1581 2833 1625 2875 p.
1642 2817 1787 2873 XXV)

215 2882 241 2921 8
275 2876 326 2922 δὲ
358 2891 434 2921 om
459 2879 506 2922 A
626 2883 681 2922 10
712 2879 968 2935 ἄνθρωπος
998 2880 1048 2922 in
1078 2879 1153 2922 lac
1185 2882 1299 2923 6—‘1
1332 2877 1413 2922 litt
1442 2892 1519 2923 om
1543 2879 1588 2922 A
1629 2880 1636 2934 Ι
1685 2876 1786 2924 ἱκα-

94 2932 176 2986 νὸς
201 2938 366 2982 MonA
768 2980 771 2984 ,
