2044 3168
73 109 368 155 PAUPERIS
399 110 517 155 PRO
549 110 775 155 PATRIA
804 109 957 154 MORI
989 107 1302 155 CUPIENTIS
1336 107 1558 153 ORATIO
1654 107 1757 160 191

73 245 511 316 παρωξυγκέναι;
563 244 676 300 ἀλλ’
729 246 795 300 οὐ
842 253 942 298 τοῦ
991 250 1188 299 λοιποῦ
1234 253 1406 298 ταῦτα
1451 242 1582 298 οὐδὲ
1624 242 1758 308 ἐξαι-

72 337 226 405 τήσει
264 355 330 404 με
375 334 501 406 παρ’
556 335 714 405 ὑμῶν
761 335 790 389 ὁ
836 335 1101 397 πλούσιος
1156 329 1319 397 οὗτος
1371 335 1515 403 πλὴν
1570 335 1618 387 εἰ
1663 334 1763 387 τὸν

74 423 207 494 ἐμὸν
245 427 457 494 νεκρόν.

188 512 271 566 15.
319 515 432 566 Καί
482 533 628 576 τινες
682 511 1064 567 ἐναντιοῦνται
1115 511 1206 566 καὶ
1259 514 1583 581 προσιόντες
1634 511 1765 582 ε’ρω-

71 611 224 656 τῶσι·
281 604 344 656 τί
387 603 455 656 τὸ
502 602 993 670 καταναγκάζον
1044 601 1435 667 ἀποθανεῖν;
1488 599 1647 671 ᾔδειν
1693 601 1766 663 ὡς
1812 619 1831 653 5

73 691 175 745 οὐκ
214 692 349 745 ἄνευ
387 691 722 760 πραγμάτων
763 691 1155 760 ἀποθανοῦμαι
1197 700 1309 744 τῶν
1346 700 1634 745 κοινωνῶν
1672 709 1764 757 μοι

72 788 168 850 τῆς
206 782 480 843 πολιτείας
509 779 885 850 μαχουμένων.
927 772 1009 843 οἷς
1041 782 1401 849 συγγινώσκω
1433 777 1535 849 μὲν
1567 779 1766 848 ἀλγοῦ-

73 884 181 936 σιν,
213 871 264 923 εἰ
293 870 390 923 τὸν
423 869 607 946 αὑτῶν
640 868 858 937 ἑταῖρον
890 871 1124 933 ὄψονται
1155 871 1389 923 πίνοντα
1419 871 1481 923 τὸ
1514 870 1766 936 κώνειον,

72 957 461 1028 παραινέσαιμι
494 957 541 1011 δ’
582 958 653 1012 ἂν
684 956 971 1029 ἐπιτρέψαι
1003 979 1097 1026 μοι
1128 961 1442 1028 χρήσασθαι
1473 969 1590 1021 τοῖς
1619 958 1767 1027 παρὰ

73 1054 172 1101 τοῦ
207 1049 402 1117 νόμου,
442 1047 590 1111 ὅστις
627 1046 764 1117 φησὶ
803 1050 902 1102 τὸν
933 1048 1035 1102 οὐκ
1067 1046 1337 1102 ἐθέλοντα
1370 1051 1466 1116 ζῆν
1496 1047 1634 1116 πρὸς
1664 1047 1767 1115 τὴν
1790 1066 1834 1099 10

73 1136 284 1206 βουλὴν
321 1143 485 1190 τοῦτο
534 1138 759 1190 εἰπόντα
803 1129 1040 1207 τυχόντα
1085 1145 1181 1206 τῆς
1223 1137 1444 1207 χάριτος
1484 1135 1768 1204 ἀπελθεῖν,

72 1228 342 1296 πρότερον
381 1227 574 1289 πείσας
612 1225 853 1294 ἐμαυτὸν
892 1227 965 1290 ὡς
1004 1227 1106 1280 οὐκ
1147 1232 1230 1295 εἴη
1269 1246 1363 1295 μοι
1403 1224 1647 1295 βιωτέον.

187 1316 270 1369 16.
301 1314 459 1368 Ἀλλὰ
499 1316 584 1369 δεῖ
621 1312 724 1385 μὲν
763 1315 853 1369 καὶ
893 1317 989 1378 τὰς
1029 1317 1206 1379 αἰτίας
1246 1320 1464 1386 λαμπρᾷ
1504 1323 1567 1386 τῇ
1609 1320 1767 1384 φωνῇ

70 1404 207 1474 πρὸς
261 1405 503 1468 ἅπαντας
558 1405 831 1473 διελθεῖν,
895 1402 999 1474 ἐγὼ
1065 1402 1124 1458 δὲ
1177 1403 1268 1458 καὶ
1321 1412 1487 1457 τοῦτο
1542 1405 1768 1472 ποιήσω.

73 1494 460 1563 δυστυχοῦσαν
500 1493 608 1561 ὁρῶ
651 1495 754 1563 τὴν
799 1496 979 1548 πόλιν.
1034 1496 1198 1547 τοῦτό
1245 1513 1310 1563 με
1356 1502 1578 1562 πρῶτον
1624 1493 1766 1563 ἀνιᾷ.
1793 1512 1834 1546 15

73 1583 248 1652 λύπης
284 1582 346 1636 δὲ
369 1582 629 1650 μέγιστον
663 1582 691 1636 ὁ
724 1584 969 1647 θάνατος
994 1584 1301 1652 φάρμακον.
1333 1583 1438 1651 ἤδη
1463 1603 1546 1645 τις
1570 1580 1768 1651 ἐρωμέ-

70 1691 176 1725 νου
200 1673 272 1741 μὴ
298 1670 486 1742 φέρων
520 1670 526 1741 Ι
562 1671 873 1741 ὑπεροψίαν
898 1672 1002 1726 οὐκ
1025 1670 1097 1726 ἔτ’
1128 1670 1325 1741 ἠξίωσε
1350 1675 1463 1741 ζῆν,
1479 1673 1583 1741 ἤδη
1631 1675 1753 1721 RIV
1770 1680 1854 1719 232

72 1780 154 1824 τις
192 1761 436 1831 γεωργὸς
475 1757 757 1830 ἀφ’θέντος
797 1761 943 1834 αὐτῷ
977 1769 1077 1815 τοῦ
1119 1764 1296 1830 ληΐου,
1340 1762 1444 1830 ἤδη
1484 1780 1567 1824 τις
1607 1774 1767 1831 στρα-
1834 1775 1837 1777 ’

72 1851 236 1918 τηγὸς
273 1853 429 1919 νίκης
462 1850 720 1918 ἁμαρτὼν
758 1850 865 1903 ὑπὸ
905 1850 1071 1919 τύχης
1111 1849 1324 1918 ἀδίκου,
1365 1850 1531 1912 ἄλλος
1569 1850 1768 1912 παῖδας

74 1936 386 2008 ἀποβαλών,
427 1938 611 2010 ἕτερος
649 1940 750 2009 τὴν
790 1938 1001 1998 οὐσίαν,
1043 1940 1142 1993 τὸν
1181 1936 1242 1992 δὲ
1281 1939 1371 1992 καὶ
1410 1940 1575 2002 νόσος
1613 1938 1766 1992 ἀνία·
1792 1960 1835 1994 20

195 2164 217 2203 1
251 2158 579 2215 παρωξυκέναι
603 2161 730 2205 BVa
757 2163 763 2217 Ι
790 2162 1039 2205 τουλοιποῦ
1065 2161 1191 2205 BVa
1312 2165 1337 2203 2
1372 2159 1412 2205 εἰ
1443 2159 1618 2205 inserui
1650 2173 1675 2203 θ
1709 2160 1769 2205 Cr

74 2219 131 2263 H
137 2220 239 2263 VM
245 2220 314 2264 Va
374 2217 402 2275 ἢ
429 2221 474 2263 Β
536 2233 611 2263 om
644 2219 735 2263 edd
856 2224 883 2262 4
915 2219 1005 2264 κᾶν
1036 2235 1158 2271 τινες
1181 2219 1485 2265 ἐναντιῶνται
1510 2220 1554 2263 Β
1585 2220 1767 2274 „malim

73 2275 228 2323 καίτοί
258 2280 404 2329 τινες“
442 2279 506 2322 Rc
628 2284 654 2321 5
687 2279 738 2323 τὸ
772 2293 848 2323 om
872 2279 976 2323 HV
1032 2279 1264 2335 scriptura
1294 2279 1343 2322 in
1379 2280 1438 2324 Or
1469 2279 1649 2322 incerta

74 2341 100 2381 8
133 2338 287 2381 αὐτῶν
312 2339 370 2382 H
375 2338 458 2382 VB
471 2339 539 2383 Va
566 2341 572 2392 Ι
601 2335 770 2382 πιόντα
803 2337 1005 2394 ὄψονται
1030 2339 1074 2382 Β
1102 2341 1107 2392 Ι
1135 2337 1334 2383 πίνοντα
1366 2352 1441 2382 om
1476 2339 1545 2382 Va
1571 2341 1577 2393 Ι
1604 2338 1656 2382 τὸ
1681 2338 1767 2381 κώ-

71 2412 199 2441 νειον
231 2396 396 2452 scripsi
421 2399 609 2442 auctore
634 2396 792 2441 Gasda
823 2397 914 2442 coll
937 2413 981 2454 p.
1011 2402 1110 2454 199,
1129 2402 1154 2441 ὅ
1216 2405 1298 2442 τοῦ
1323 2394 1518 2442 κωνείου
1543 2396 1651 2440 libri
1676 2396 1768 2441 edd

193 2461 217 2498 9
261 2455 522 2514 χρήσασθαι
570 2456 735 2512 scripsi
773 2470 796 2499 e
832 2456 1039 2502 orHVB
1115 2459 1322 2515 χρῆσθαι
1355 2459 1414 2501 M
1423 2458 1491 2501 Va
1535 2456 1626 2501 edd

77 2519 130 2558 12
163 2514 390 2570 πρότερον
422 2514 472 2558 in
502 2515 576 2559 lac
610 2520 724 2559 5-6
756 2515 836 2559 litt
868 2529 942 2559 om
968 2518 1012 2560 Β
1072 2517 1154 2561 τὸν
1186 2516 1332 2572 νόμον
1359 2516 1599 2561 GrHVVa
1640 2518 1646 2571 Ι
1689 2531 1767 2571 μοι

75 2587 148 2617 om
180 2574 250 2618 Va
276 2577 283 2631 Ι
310 2573 572 2630 μεμυωτέον
599 2576 667 2619 Va
728 2575 966 2632 βιωτεύειν
991 2576 1036 2619 Β
1159 2580 1212 2619 13
1245 2574 1330 2631 μὲν
1355 2575 1520 2631 scripsi
1581 2590 1635 2630 με
1659 2574 1767 2617 libri

74 2632 166 2676 edd
290 2637 343 2677 16
376 2633 524 2690 λύπης
546 2660 602 2665 --
628 2632 879 2690 φάρμακον
910 2634 1178 2691 praemissis
1211 2634 1363 2679 verbis
1394 2639 1477 2690 τῆς
1507 2633 1692 2690 μελέτης
1716 2635 1766 2678 ἐν

73 2684 100 2749 ᾗ
134 2690 314 2749 πτωχός
343 2709 413 2742 τις
445 2692 640 2750 (πτωχὸς
669 2691 739 2743 τίς
771 2693 876 2749 cod)
909 2695 1175 2738 ἀποθανεῖν
1207 2694 1353 2748 ἀξιοῖ,
1386 2694 1447 2745 ὡς
1478 2691 1539 2738 ἂν
1571 2692 1595 2737 ὁ
1627 2692 1766 2737 πλού-

73 2763 191 2805 σιος,
230 2751 292 2802 ὡς
333 2749 576 2809 ὑπέσχετο,
622 2751 672 2795 ἐν
711 2754 825 2811 λιμῷ
866 2755 1026 2810 θρέψῃ
1071 2753 1155 2810 τὴν
1196 2750 1334 2797 πόλιν
1373 2752 1491 2796 citat
1532 2751 1765 2795 Macarius

74 2807 474 2866 Chrysocephalus
505 2810 586 2854 fol.
613 2815 692 2854 ’79ν
718 2816 726 2868 Ι
753 2810 805 2855 δὲ
830 2824 903 2855 om
931 2812 1090 2856 Macar
1115 2814 1122 2867 Ι
1149 2809 1219 2862 τίς
1244 2811 1403 2857 GrHB
1416 2813 1483 2856 Va
1511 2813 1516 2868 Ι
1545 2810 1765 2866 ἐρομένου

73 2868 177 2912 Mor
312 2873 366 2912 17
400 2866 466 2914 ἔτ’
501 2869 676 2913 inserui
707 2883 732 2915 e
758 2871 872 2915 CrH
882 2871 926 2915 V
979 2884 1054 2915 om
1078 2872 1188 2915 ΒΜ
1198 2872 1267 2915 Va
1298 2870 1389 2914 edd
1526 2874 1580 2914 18
1612 2867 1682 2920 τίς
1706 2869 1767 2913 Cr

75 2927 134 2972 H
152 2929 160 2984 Ι
187 2927 388 2985 γεωργός
416 2945 486 2980 τις
511 2930 620 2973 ΒΜ
627 2929 696 2972 Va
727 2928 829 2972 Mor
854 2931 862 2986 Ι
890 2929 1132 2986 ἀφθέντος
1155 2930 1212 2974 H
1217 2931 1288 2986 Vl
1313 2927 1384 2981 τίς
1410 2929 1528 2974 CrH
1533 2929 1603 2974 Va
1688 2960 1691 2963 -
