2044 3168
454 113 701 166 IUVENIS
733 113 947 166 FORTIS
978 113 1199 158 DIVITIS
1232 112 1539 158 APOLOGIA
1735 111 1840 175 247

142 261 255 304 τῶν
308 254 502 303 πυλῶν
556 249 683 319 ἔξω,
736 259 946 320 πρῶτοι
1001 259 1112 302 τῶν
1173 251 1448 318 γενναίων
1505 249 1844 319 ὁρμήσαντες

140 343 384 394 πολιτῶν
408 338 496 393 ἐπὶ
521 347 622 393 τοῦ
646 347 742 408 τῆς
767 340 1053 409 φάλαγγος
1078 340 1314 406 ἔστησαν
1337 339 1608 407 μετώπου.
1645 337 1728 391 13.
1751 339 1843 405 μό-

100 413 278 492 ινους
317 429 379 482 δὲ
426 428 575 497 ὁρῶν
620 429 826 491 αὐτοὺς
870 435 967 496 τῆς
1012 426 1144 496 ἐμῆς
1189 426 1559 497 προαιρέσεως
1609 427 1844 496 μιμητὰς

142 519 362 581 τούτοις
402 515 714 586 ἑπέταττον,
752 518 885 585 μετὰ
923 517 1139 570 τούτων
1188 517 1533 585 ἠγωνιζόμην
1572 523 1844 570 τοσοῦτον

140 607 326 660 αὐτῶν
378 606 540 677 ἀρετῇ
594 605 685 659 καὶ
741 607 927 678 δρόμῳ
981 604 1234 675 προέχων
1288 605 1425 658 ὅσον
1479 604 1679 658 ἐκεῖνοι
1730 614 1841 657 τῶν
1889 627 1908 659 5

140 696 340 748 ἄλλων.
394 694 654 766 δευτέρας
687 693 695 766 Ι
730 691 791 748 δὲ
830 696 884 760 οἱ
929 694 1184 761 πολέμιοι
1224 693 1527 764 σφαλέντες
1573 692 1658 747 ἐλ-
1705 698 1827 747 RIV
1844 703 1931 743 544

139 786 302 847 πίδος
342 784 663 853 ἀνεχώρουν
700 783 818 851 μέν,
858 783 926 837 οὐ
966 782 1325 853 μετεμέλοντο
1365 782 1452 851 δέ,
1492 782 1610 836 ἀλλ’
1658 782 1840 853 ὥσπερ

142 876 195 927 οἱ
234 866 359 944 περὶ
398 875 500 943 τὴν
538 877 880 942 παλαίστραν
920 873 1313 942 ἀγωνιζόμενοι
1344 874 1446 942 τὴν
1476 874 1669 943 τρίτην
1701 873 1842 932 ἰδεῖν

141 962 411 1032 ἀνέμενον
449 972 647 1030 πεῖραν
678 961 768 1015 καὶ
800 963 900 1015 τὸν
931 961 1106 1016 αὐτὸν
1136 960 1262 1015 καθ’
1303 961 1458 1030 ἡμῶν
1489 963 1678 1031 θυμὸν
1707 962 1842 1029 μετὰ

140 1053 388 1120 μείζονος
427 1048 578 1120 εἶχον
615 1060 966 1121 παρασκευῆς
1002 1052 1091 1104 καὶ
1133 1052 1296 1104 δυοῖν
1329 1049 1546 1113 ἑαυτοῖς
1577 1050 1839 1120 ὡρίζοντο
1866 1074 1908 1106 10

141 1142 399 1209 θάτερον,
439 1140 471 1209 ἢ
512 1142 614 1210 τὴν
654 1140 922 1210 ἡμετέραν
959 1146 1171 1194 θᾶττον
1219 1139 1364 1193 ἑλεῖν
1403 1139 1436 1208 ἢ
1475 1139 1666 1208 μηκέτι
1704 1140 1842 1210 πρὸς

140 1231 241 1298 τὴν
281 1232 492 1283 οἰκείαν
531 1229 874 1283 ἐπανελθεῖν.
941 1230 1024 1282 14.
1065 1228 1184 1296 ἐμοὶ
1223 1229 1326 1299 μὲν
1365 1224 1469 1282 οὖν
1507 1229 1540 1298 ἡ
1580 1229 1740 1291 πόλις
1777 1230 1839 1282 τὸ

141 1318 303 1389 γέρας
357 1315 526 1382 αὖθις
577 1317 693 1372 κατ’
757 1318 1015 1382 ἐξουσίαν
1076 1318 1269 1372 ἐδίδου
1332 1316 1423 1371 καὶ
1485 1319 1581 1381 τὰς
1632 1319 1839 1381 πολλὰς

138 1408 393 1477 κατέλεγε
448 1409 657 1478 δωρεὰς
709 1410 922 1475 κρίνειν
971 1428 1037 1478 με
1083 1408 1144 1461 τὸ
1191 1406 1319 1460 καθ’
1365 1408 1577 1476 ἡδονὴν
1627 1406 1837 1474 ἐπιτρέ-

138 1512 334 1551 πουσα.
375 1495 481 1566 ἐγὼ
523 1498 584 1550 δὲ
622 1507 820 1566 πεῖραν
858 1506 954 1567 τῆς
994 1497 1210 1567 ἀγαθῆς
1256 1495 1398 1565 ἔχων
1444 1498 1709 1565 αἰτήσεως
1746 1495 1837 1550 καὶ
1863 1520 1905 1553 15

140 1587 243 1640 ὅσα
280 1588 380 1640 τὸν
418 1587 597 1656 δῆμον
636 1588 690 1640 οἱ
722 1589 1087 1650 κατελθόντες
1127 1587 1351 1655 ὤνησαν
1382 1587 1629 1656 φυγάδες
1666 1585 1840 1655 ἡδέως

139 1677 295 1729 λύειν
334 1677 429 1739 τὰς
466 1686 579 1729 τῶν
616 1680 857 1730 πολιτῶν
897 1675 1237 1740 ἐσπούδαζον
1281 1675 1486 1745 ὕβρεις.
1538 1675 1686 1743 ὁρῶν
1732 1676 1837 1744 γὰρ

139 1765 224 1818 ὅτι
264 1765 459 1819 πολλοὶ
498 1776 611 1818 τῶν
649 1765 858 1833 μεγάλα
896 1767 1158 1835 πράττειν
1196 1762 1336 1835 ὑπὲρ
1383 1772 1478 1833 τῆς
1516 1767 1725 1828 πόλεως
1765 1767 1838 1817 εί-

138 1855 321 1908 δότων
359 1853 450 1908 καὶ
490 1856 701 1924 πολλὴν
740 1863 837 1924 τῆς
877 1858 955 1918 εἰς
993 1857 1093 1909 τὸν
1140 1857 1319 1926 δῆμον
1365 1855 1586 1918 εὐνοίας
1624 1852 1837 1917 δειξάν-

138 1964 252 1996 των
290 1945 391 2012 τὴν
430 1954 627 2013 πεῖραν
666 1946 851 2012 ἄτιμοι
889 1942 991 2012 μὲν
1031 1944 1084 2009 ἐξ
1137 1943 1397 2013 ἐντίμων,
1443 1942 1635 2008 ἄδοξοι
1681 1940 1742 1997 δὲ
1783 1941 1836 2007 ἐξ
1862 1966 1905 1998 20

140 2031 380 2096 ἐνδόξων
434 2037 694 2103 γεγόνασι
748 2032 840 2088 καὶ
894 2035 997 2104 τὴν
1050 2038 1377 2105 προθυμίαν
1423 2033 1456 2103 ἡ
1502 2033 1666 2103 ὕβρις
1715 2030 1837 2087 ἀνέ-

139 2140 327 2190 κοπτε,
373 2126 508 2193 μίαν
553 2126 721 2179 πάλιν
768 2134 863 2195 τῆς
910 2125 1187 2196 ἀριστείας
1224 2123 1401 2194 ᾔτησα
1448 2125 1662 2194 δωρεὰν
1707 2127 1839 2190 τοὺς

256 2291 284 2328 4
314 2285 548 2330 τοσούτων
573 2288 631 2331 Η
746 2291 772 2330 5
798 2288 1027 2343 ἀρετῆςΑ
1151 2293 1175 2331 7
1200 2289 1265 2332 ὡσ
1284 2289 1341 2332 Va·
1461 2291 1487 2331 8
1514 2287 1559 2332 οἳ
1574 2288 1687 2332 ΑΜ
1706 2288 1797 2331 edd
1826 2289 1829 2342 l

134 2343 264 2399 παρὰ
288 2345 348 2388 Η
354 2346 516 2390 ViAcl
527 2347 595 2390 Va
622 2350 628 2402 Ι
654 2346 740 2403 τὴν
771 2345 928 2402 τρίτην
958 2346 1009 2390 in
1040 2361 1115 2392 ras
1135 2346 1228 2392 Va²
1349 2351 1374 2390 9
1408 2348 1464 2391 οὐ
1497 2349 1607 2391 ante
1638 2347 1751 2402 μετὰ
1777 2348 1836 2391 Vi

257 2408 311 2447 10
353 2403 537 2455 ἑαυτοῖς
566 2405 734 2462 scripsi
765 2419 821 2449 ex
846 2406 995 2452 AOEB
1007 2407 1076 2451 Va
1115 2407 1198 2450 sed
1239 2407 1288 2449 in
1321 2407 1410 2450 hoc
1440 2420 1517 2450 ras
1549 2407 1658 2462 spir.
1693 2421 1834 2463 supra

134 2479 163 2507 v
196 2464 244 2506 et
274 2462 295 2507 ἑ
328 2466 525 2520 antepos
556 2464 627 2508 111²
687 2465 847 2515 αὑτοῖς
866 2466 928 2509 Μ
984 2467 1143 2517 αὐτοῖς
1167 2467 1226 2510 Η
1243 2466 1335 2510 edd
1397 2480 1471 2509 om
1499 2466 1556 2509 Vi
1677 2471 1731 2509 12
1765 2466 1832 2510 οἰ-

134 2519 246 2566 κίαν
278 2522 337 2566 Vi
370 2525 376 2578 Ι
411 2521 557 2573 αὖθις
585 2525 638 2567 τὸ
670 2523 807 2581 γέρας
833 2528 872 2568 Α
908 2527 915 2581 Ι
949 2525 1000 2569 τὸ
1033 2523 1171 2582 γέρας
1201 2538 1278 2568 om
1305 2525 1362 2569 Ol
1484 2529 1537 2568 14
1569 2523 1718 2580 κρίνει
1742 2528 1787 2569 Α
1823 2526 1827 2584 1

134 2580 219 2636 μὲν
253 2581 322 2625 Va
352 2582 435 2624 sed
467 2600 488 2626 ε
520 2596 661 2639 supra
701 2582 754 2628 ὲν
784 2583 854 2626 111²
903 2588 910 2640 Ι
958 2583 1043 2639 τὴν
1067 2585 1171 2630 ΑΟΖ
1201 2586 1250 2628 et
1287 2583 1377 2628 Par
1408 2588 1521 2629 3017
1557 2584 1688 2640 (Βαδὺ
1720 2598 1827 2640 app.

134 2652 208 2696 ep.
240 2639 343 2684 crit.
369 2643 441 2697 50)
470 2643 476 2697 Ι
505 2641 814 2698 ἐπιτρέπουσα
831 2644 901 2687 Va
932 2644 1014 2687 sed
1048 2658 1166 2687 ουσα
1189 2642 1238 2686 in
1261 2657 1337 2686 ras
1362 2643 1434 2686 m²
1495 2643 1831 2696 ἐπιτρέπουσαν

132 2701 180 2744 Α
303 2704 358 2742 15
389 2700 477 2756 ἐγὼ
509 2701 561 2745 δὲ
591 2710 762 2757 πεῖραν
792 2707 875 2758 τῆς
905 2702 1092 2758 ἀγαθῆς
1122 2702 1239 2760 ἔχων
1264 2702 1430 2759 scripsi
1454 2717 1510 2746 ex
1532 2702 1590 2745 H
1595 2702 1653 2745 Vi
1715 2701 1830 2759 ἔχων

134 2757 186 2803 δὲ
218 2758 306 2815 ἐγὼ
337 2766 507 2815 πεῖραν
536 2767 619 2817 τῆς
649 2761 838 2818 ἀγαθῆς
860 2760 1010 2805 AGlB
1022 2762 1091 2806 Va
1122 2761 1205 2805 sed
1244 2762 1293 2805 in
1334 2762 1422 2805 hoc
1463 2761 1550 2818 ἐγὼ
1582 2768 1749 2815 πεῖραν
1781 2761 1830 2804 in

132 2830 208 2860 ras
239 2816 322 2871 m',
358 2819 415 2862 Μ
447 2819 539 2863 edd
677 2825 731 2863 16
765 2819 810 2863 οἱ
841 2820 891 2863 in
920 2834 996 2864 ras
1030 2819 1123 2865 Va²
1267 2826 1319 2864 17
1353 2821 1501 2878 λέγειν
1525 2822 1583 2864 H
1636 2820 1830 2864 κωλύειν

142 2876 200 2920 Vi
247 2879 255 2931 Ι
305 2876 420 2921 ἰδὼν
443 2877 571 2922 BVa
692 2883 748 2923 18
780 2877 898 2936 μέγα
922 2880 981 2924 H
1096 2885 1150 2923 19
1182 2882 1353 2936 πολλῆς
1378 2881 1432 2925 Ol
1480 2883 1486 2936 Ι
1536 2879 1619 2935 τὴν
1654 2880 1711 2922 Vi

133 2938 188 2978 21
222 2933 440 2980 ἐνέκοπτε
465 2937 613 2982 AozB
626 2938 695 2982 Va
