<?xml version="1.0" encoding="UTF-8"?>
<!DOCTYPE html PUBLIC "-//W3C//DTD XHTML 1.0 Transitional//EN"
    "http://www.w3.org/TR/xhtml1/DTD/xhtml1-transitional.dtd">
<html xmlns="http://www.w3.org/1999/xhtml" xml:lang="en" lang="en">
 <head>
  <title>
</title>
<meta http-equiv="Content-Type" content="text/html;charset=utf-8" />
  <meta name='ocr-system' content='tesseract 3.04.00' />
  <meta name='ocr-capabilities' content='ocr_page ocr_carea ocr_par ocr_line ocrx_word'/>
</head>
<body>
  <div class='ocr_page' id='page_1' title='image "./operarecensuitri07libauoft_0639.png"; bbox 0 0 2014 3158; ppageno 0'>
   <div class='ocr_carea' id='block_1_1' title="bbox 11 2330 37 3158">
    <p class='ocr_par' dir='ltr' id='par_1_1' title="bbox 11 2330 37 3158">
     <span class='ocr_line' id='line_1_1' title="bbox 11 2330 37 3158; textangle 90"><span class='ocrx_word' id='word_1_1' title='bbox 16 2794 37 3158; x_wconf 46' lang='grc' dir='ltr'><strong><em>πψτη</em></strong></span> <span class='ocrx_word' id='word_1_2' title='bbox 12 2464 29 2783; x_wconf 50' lang='grc' dir='ltr'><strong><em>ιΜ-αἱυ-π,</em></strong></span> <span class='ocrx_word' id='word_1_3' title='bbox 11 2380 25 2443; x_wconf 61' lang='lat'><strong><em>&#39;’79‘&#39;</em></strong></span> <span class='ocrx_word' id='word_1_4' title='bbox 12 2359 14 2366; x_wconf 85' lang='grc'><em>“</em></span> <span class='ocrx_word' id='word_1_5' title='bbox 18 2330 22 2331; x_wconf 67' lang='lat'><em>=</em></span> 
     </span>
    </p>
   </div>
   <div class='ocr_carea' id='block_1_2' title="bbox 415 126 1837 180">
    <p class='ocr_par' dir='ltr' id='par_1_2' title="bbox 415 126 1837 180">
     <span class='ocr_line' id='line_1_2' title="bbox 415 126 1837 180; baseline -0.002 -6"><span class='ocrx_word' id='word_1_6' title='bbox 415 127 827 174; x_wconf 83' lang='lat' dir='ltr'><strong>PHILADELPHI</strong></span> <span class='ocrx_word' id='word_1_7' title='bbox 857 126 1283 173; x_wconf 86' lang='lat' dir='ltr'>ABDIOATIONIS</span> <span class='ocrx_word' id='word_1_8' title='bbox 1314 126 1552 171; x_wconf 88' lang='grc' dir='ltr'>ΡΕΤΙΤΙΟ</span> <span class='ocrx_word' id='word_1_9' title='bbox 1735 127 1837 180; x_wconf 79' lang='grc'><strong><em>621</em></strong></span> 
     </span>
    </p>
   </div>
   <div class='ocr_carea' id='block_1_3' title="bbox 146 258 1916 2478">
    <p class='ocr_par' dir='ltr' id='par_1_3' title="bbox 146 258 1916 2478">
     <span class='ocr_line' id='line_1_3' title="bbox 146 258 1846 337; baseline -0.003 -17"><span class='ocrx_word' id='word_1_10' title='bbox 146 286 282 330; x_wconf 89' lang='grc' dir='ltr'><strong><em>νους</em></strong></span> <span class='ocrx_word' id='word_1_11' title='bbox 322 265 676 337; x_wconf 83' lang='grc' dir='ltr'><strong><em>ἐξαριθμήσει</em></strong></span> <span class='ocrx_word' id='word_1_12' title='bbox 715 267 911 334; x_wconf 89' lang='grc' dir='ltr'><strong><em>μανίας</em></strong></span> <span class='ocrx_word' id='word_1_13' title='bbox 959 258 1102 318; x_wconf 86' lang='grc' dir='ltr'><strong><em>εἶναι</em></strong></span> <span class='ocrx_word' id='word_1_14' title='bbox 1150 263 1326 333; x_wconf 82' lang='grc' dir='ltr'><strong><em>λέγων</em></strong></span> <span class='ocrx_word' id='word_1_15' title='bbox 1373 265 1627 334; x_wconf 80' lang='grc' dir='ltr'><strong><em>φυγόντα</em></strong></span> <span class='ocrx_word' id='word_1_16' title='bbox 1673 270 1846 316; x_wconf 88' lang='grc' dir='ltr'><strong><em>ταῦτα</em></strong></span> 
     </span>
     <span class='ocr_line' id='line_1_4' title="bbox 152 349 1846 426; baseline -0.003 -16"><span class='ocrx_word' id='word_1_17' title='bbox 152 354 346 410; x_wconf 81' lang='grc' dir='ltr'><strong><em>ἑκόντα</em></strong></span> <span class='ocrx_word' id='word_1_18' title='bbox 385 355 668 426; x_wconf 83' lang='grc' dir='ltr'><strong><em>ἐμβαίνειν</em></strong></span> <span class='ocrx_word' id='word_1_19' title='bbox 707 356 786 418; x_wconf 83' lang='grc' dir='ltr'><strong><em>εἰς</em></strong></span> <span class='ocrx_word' id='word_1_20' title='bbox 823 361 1095 408; x_wconf 87' lang='grc' dir='ltr'><strong><em>τοσοῦτον</em></strong></span> <span class='ocrx_word' id='word_1_21' title='bbox 1140 355 1328 407; x_wconf 91' lang='grc' dir='ltr'><strong><em>κακόν.</em></strong></span> <span class='ocrx_word' id='word_1_22' title='bbox 1377 352 1482 422; x_wconf 84' lang='grc' dir='ltr'><strong><em>ἐγὼ</em></strong></span> <span class='ocrx_word' id='word_1_23' title='bbox 1524 351 1609 421; x_wconf 87' lang='grc' dir='ltr'><strong><em>δέ,</em></strong></span> <span class='ocrx_word' id='word_1_24' title='bbox 1658 354 1708 405; x_wconf 84' lang='grc' dir='ltr'><strong><em>εἰ</em></strong></span> <span class='ocrx_word' id='word_1_25' title='bbox 1745 349 1846 422; x_wconf 75' lang='grc' dir='ltr'><strong><em>μὲν</em></strong></span> 
     </span>
     <span class='ocr_line' id='line_1_5' title="bbox 150 441 1846 516; baseline -0.002 -18"><span class='ocrx_word' id='word_1_26' title='bbox 150 445 182 514; x_wconf 84' lang='grc' dir='ltr'><em>ἡ</em></span> <span class='ocrx_word' id='word_1_27' title='bbox 225 444 446 516; x_wconf 80' lang='grc' dir='ltr'><strong><em>σφοδρὰ</em></strong></span> <span class='ocrx_word' id='word_1_28' title='bbox 485 444 628 512; x_wconf 99' lang='grc' dir='ltr'><strong><em>λύπη</em></strong></span> <span class='ocrx_word' id='word_1_29' title='bbox 668 444 767 497; x_wconf 89' lang='grc' dir='ltr'><strong><em>τὸν</em></strong></span> <span class='ocrx_word' id='word_1_30' title='bbox 807 443 1076 512; x_wconf 86' lang='grc' dir='ltr'><strong><em>λογισμὸν</em></strong></span> <span class='ocrx_word' id='word_1_31' title='bbox 1111 441 1404 511; x_wconf 80' lang='grc' dir='ltr'><strong><em>ἐξίστησιν,</em></strong></span> <span class='ocrx_word' id='word_1_32' title='bbox 1445 441 1696 512; x_wconf 82' lang='grc' dir='ltr'><em>ὁμολογῶ</em></span> <span class='ocrx_word' id='word_1_33' title='bbox 1728 444 1846 511; x_wconf 88' lang='grc' dir='ltr'><strong><em>μαί-</em></strong></span> 
     </span>
     <span class='ocr_line' id='line_1_6' title="bbox 150 530 1846 604; baseline -0.002 -17"><span class='ocrx_word' id='word_1_34' title='bbox 150 539 349 588; x_wconf 88' lang='grc' dir='ltr'><strong><em>νεσθαι</em></strong></span> <span class='ocrx_word' id='word_1_35' title='bbox 388 534 524 604; x_wconf 88' lang='grc' dir='ltr'><strong><em>πρὸς</em></strong></span> <span class='ocrx_word' id='word_1_36' title='bbox 561 539 833 586; x_wconf 88' lang='grc' dir='ltr'><strong><em>τοσοῦτον</em></strong></span> <span class='ocrx_word' id='word_1_37' title='bbox 871 531 1171 599; x_wconf 80' lang='grc' dir='ltr'><strong><em>ἐπιθυμίας</em></strong></span> <span class='ocrx_word' id='word_1_38' title='bbox 1208 531 1373 600; x_wconf 79' lang='grc' dir='ltr'><strong><em>ἥκων.</em></strong></span> <span class='ocrx_word' id='word_1_39' title='bbox 1422 533 1505 594; x_wconf 93' lang='grc' dir='ltr'><strong><em>τίς</em></strong></span> <span class='ocrx_word' id='word_1_40' title='bbox 1544 532 1648 601; x_wconf 85' lang='grc' dir='ltr'><strong><em>γὰρ</em></strong></span> <span class='ocrx_word' id='word_1_41' title='bbox 1692 530 1722 600; x_wconf 79' lang='grc' dir='ltr'>ἢ</span> <span class='ocrx_word' id='word_1_42' title='bbox 1761 530 1846 599; x_wconf 86' lang='grc' dir='ltr'><strong><em>γε’-</em></strong></span> 
     </span>
     <span class='ocr_line' id='line_1_7' title="bbox 151 617 1914 692; baseline -0.001 -16"><span class='ocrx_word' id='word_1_43' title='bbox 151 641 318 692; x_wconf 88' lang='grc' dir='ltr'><strong><em>γονεν</em></strong></span> <span class='ocrx_word' id='word_1_44' title='bbox 356 621 388 691; x_wconf 78' lang='grc' dir='ltr'>ἢ</span> <span class='ocrx_word' id='word_1_45' title='bbox 429 630 536 675; x_wconf 81' lang='grc' dir='ltr'><strong><em>νῦν</em></strong></span> <span class='ocrx_word' id='word_1_46' title='bbox 576 621 725 675; x_wconf 86' lang='grc' dir='ltr'><strong><em>ἐστιν</em></strong></span> <span class='ocrx_word' id='word_1_47' title='bbox 772 621 1110 692; x_wconf 80' lang='grc' dir='ltr'><strong><em>ἀθλιώτερος</em></strong></span> <span class='ocrx_word' id='word_1_48' title='bbox 1157 619 1314 690; x_wconf 83' lang='grc' dir='ltr'><strong><em>ἐμοῦ;</em></strong></span> <span class='ocrx_word' id='word_1_49' title='bbox 1377 620 1462 674; x_wconf 82' lang='grc'><strong><em>25.</em></strong></span> <span class='ocrx_word' id='word_1_50' title='bbox 1502 621 1593 674; x_wconf 84' lang='grc' dir='ltr'><strong><em>καὶ</em></strong></span> <span class='ocrx_word' id='word_1_51' title='bbox 1638 621 1704 674; x_wconf 77' lang='grc' dir='ltr'><strong><em>τὰ</em></strong></span> <span class='ocrx_word' id='word_1_52' title='bbox 1743 617 1844 690; x_wconf 77' lang='grc' dir='ltr'><strong><em>μὲν</em></strong></span> <span class='ocrx_word' id='word_1_53' title='bbox 1894 643 1914 675; x_wconf 81' lang='lat'>⁵</span> 
     </span>
     <span class='ocr_line' id='line_1_8' title="bbox 151 708 1846 782; baseline -0.002 -17"><span class='ocrx_word' id='word_1_54' title='bbox 151 714 290 765; x_wconf 81' lang='grc' dir='ltr'><strong><em>ἄλλα</em></strong></span> <span class='ocrx_word' id='word_1_55' title='bbox 331 712 426 779; x_wconf 89' lang='grc' dir='ltr'><strong><em>ε’ῶ,</em></strong></span> <span class='ocrx_word' id='word_1_56' title='bbox 475 710 630 764; x_wconf 86' lang='grc' dir='ltr'><strong><em>τουτὶ</em></strong></span> <span class='ocrx_word' id='word_1_57' title='bbox 679 708 739 764; x_wconf 76' lang='grc' dir='ltr'><strong><em>δὲ</em></strong></span> <span class='ocrx_word' id='word_1_58' title='bbox 788 710 921 765; x_wconf 88' lang='grc' dir='ltr'><strong><em>αὐτὸ</em></strong></span> <span class='ocrx_word' id='word_1_59' title='bbox 969 712 1030 764; x_wconf 89' lang='grc' dir='ltr'><strong><em>τὸ</em></strong></span> <span class='ocrx_word' id='word_1_60' title='bbox 1082 710 1263 780; x_wconf 90' lang='grc' dir='ltr'><strong><em>παρὸν</em></strong></span> <span class='ocrx_word' id='word_1_61' title='bbox 1309 712 1481 779; x_wconf 80' lang='grc' dir='ltr'><strong><em>πόσης</em></strong></span> <span class='ocrx_word' id='word_1_62' title='bbox 1526 711 1846 782; x_wconf 79' lang='grc' dir='ltr'><strong><em>δυστυχίας;</em></strong></span> 
     </span>
     <span class='ocr_line' id='line_1_9' title="bbox 153 798 1847 871; baseline -0.001 -17"><span class='ocrx_word' id='word_1_63' title='bbox 153 801 181 854; x_wconf 90' lang='grc' dir='ltr'>ὁ</span> <span class='ocrx_word' id='word_1_64' title='bbox 221 798 321 871; x_wconf 76' lang='grc' dir='ltr'><strong><em>μὲν</em></strong></span> <span class='ocrx_word' id='word_1_65' title='bbox 362 802 533 870; x_wconf 87' lang='grc' dir='ltr'><strong><em>δῆμος</em></strong></span> <span class='ocrx_word' id='word_1_66' title='bbox 573 800 632 854; x_wconf 80' lang='grc' dir='ltr'><strong><em>ἐν</em></strong></span> <span class='ocrx_word' id='word_1_67' title='bbox 671 803 900 863; x_wconf 83' lang='grc' dir='ltr'><strong><em>θυσίαις</em></strong></span> <span class='ocrx_word' id='word_1_68' title='bbox 945 798 1036 853; x_wconf 86' lang='grc' dir='ltr'><strong><em>καὶ</em></strong></span> <span class='ocrx_word' id='word_1_69' title='bbox 1085 809 1277 869; x_wconf 78' lang='grc' dir='ltr'><strong><em>χαραῖς</em></strong></span> <span class='ocrx_word' id='word_1_70' title='bbox 1323 798 1413 852; x_wconf 86' lang='grc' dir='ltr'><strong><em>καὶ</em></strong></span> <span class='ocrx_word' id='word_1_71' title='bbox 1461 808 1718 867; x_wconf 85' lang='grc' dir='ltr'><strong><em>γυναῖκες</em></strong></span> <span class='ocrx_word' id='word_1_72' title='bbox 1756 799 1847 852; x_wconf 84' lang='grc' dir='ltr'><strong><em>καὶ</em></strong></span> 
     </span>
     <span class='ocr_line' id='line_1_10' title="bbox 150 886 1847 959; baseline -0.001 -16"><span class='ocrx_word' id='word_1_73' title='bbox 150 891 343 953; x_wconf 88' lang='grc' dir='ltr'><strong><em>παῖδες</em></strong></span> <span class='ocrx_word' id='word_1_74' title='bbox 380 891 471 943; x_wconf 79' lang='grc' dir='ltr'><strong><em>καὶ</em></strong></span> <span class='ocrx_word' id='word_1_75' title='bbox 511 891 704 943; x_wconf 90' lang='grc' dir='ltr'><strong><em>δοῦλοι</em></strong></span> <span class='ocrx_word' id='word_1_76' title='bbox 745 898 839 959; x_wconf 83' lang='grc' dir='ltr'><strong><em>τῆς</em></strong></span> <span class='ocrx_word' id='word_1_77' title='bbox 879 888 1065 952; x_wconf 86' lang='grc' dir='ltr'><strong><em>ἀδείας</em></strong></span> <span class='ocrx_word' id='word_1_78' title='bbox 1112 890 1189 951; x_wconf 88' lang='grc' dir='ltr'><strong><em>εἰς</em></strong></span> <span class='ocrx_word' id='word_1_79' title='bbox 1235 889 1447 958; x_wconf 78' lang='grc' dir='ltr'><strong><em>ἡδονὴν</em></strong></span> <span class='ocrx_word' id='word_1_80' title='bbox 1477 886 1847 957; x_wconf 86' lang='grc' dir='ltr'><strong><em>ἀπολαύουσι,</em></strong></span> 
     </span>
     <span class='ocr_line' id='line_1_11' title="bbox 151 976 1844 1051; baseline -0.001 -19"><span class='ocrx_word' id='word_1_81' title='bbox 151 981 321 1047; x_wconf 87' lang='grc' dir='ltr'><strong><em>μόνος</em></strong></span> <span class='ocrx_word' id='word_1_82' title='bbox 360 976 421 1032; x_wconf 72' lang='grc' dir='ltr'><strong><em>δὲ</em></strong></span> <span class='ocrx_word' id='word_1_83' title='bbox 457 978 489 1032; x_wconf 82' lang='grc' dir='ltr'>ὁ</span> <span class='ocrx_word' id='word_1_84' title='bbox 527 979 742 1033; x_wconf 90' lang='grc' dir='ltr'><strong><em>τούτων</em></strong></span> <span class='ocrx_word' id='word_1_85' title='bbox 781 985 955 1042; x_wconf 79' lang='grc' dir='ltr'><strong><em>αἴτιος</em></strong></span> <span class='ocrx_word' id='word_1_86' title='bbox 995 977 1057 1032; x_wconf 80' lang='grc' dir='ltr'><strong><em>ἐν</em></strong></span> <span class='ocrx_word' id='word_1_87' title='bbox 1090 980 1371 1047; x_wconf 79' lang='grc' dir='ltr'><strong><em>οἰμωγαῖς,</em></strong></span> <span class='ocrx_word' id='word_1_88' title='bbox 1414 978 1473 1031; x_wconf 84' lang='grc' dir='ltr'><strong><em>ἐν</em></strong></span> <span class='ocrx_word' id='word_1_89' title='bbox 1504 981 1740 1048; x_wconf 80' lang='grc' dir='ltr'><strong><em>θρήνοις</em></strong></span> <span class='ocrx_word' id='word_1_90' title='bbox 1771 987 1844 1051; x_wconf 75' lang='grc' dir='ltr'><strong><em>τῷ</em></strong></span> 
     </span>
     <span class='ocr_line' id='line_1_12' title="bbox 152 1065 1915 1140; baseline 0.001 -19"><span class='ocrx_word' id='word_1_91' title='bbox 152 1069 383 1137; x_wconf 76' lang='grc' dir='ltr'><strong><em>φεύγειν</em></strong></span> <span class='ocrx_word' id='word_1_92' title='bbox 421 1069 523 1137; x_wconf 88' lang='grc' dir='ltr'><strong><em>τὴν</em></strong></span> <span class='ocrx_word' id='word_1_93' title='bbox 567 1066 829 1140; x_wconf 75' lang='grc' dir='ltr'><strong><em>πατρῴαν</em></strong></span> <span class='ocrx_word' id='word_1_94' title='bbox 879 1067 1077 1121; x_wconf 85' lang='grc' dir='ltr'><strong><em>ἑστίαν.</em></strong></span> <span class='ocrx_word' id='word_1_95' title='bbox 1129 1066 1219 1121; x_wconf 88' lang='grc' dir='ltr'><strong><em>καὶ</em></strong></span> <span class='ocrx_word' id='word_1_96' title='bbox 1266 1078 1378 1121; x_wconf 87' lang='grc' dir='ltr'><strong><em>τῶν</em></strong></span> <span class='ocrx_word' id='word_1_97' title='bbox 1422 1065 1524 1135; x_wconf 75' lang='grc' dir='ltr'><strong><em>μὲν</em></strong></span> <span class='ocrx_word' id='word_1_98' title='bbox 1569 1070 1845 1137; x_wconf 86' lang='grc' dir='ltr'><strong><em>νενικηκό-</em></strong></span> <span class='ocrx_word' id='word_1_99' title='bbox 1872 1090 1915 1123; x_wconf 86' lang='lat'><strong><em>10</em></strong></span> 
     </span>
     <span class='ocr_line' id='line_1_13' title="bbox 150 1155 1848 1227; baseline 0 -17"><span class='ocrx_word' id='word_1_100' title='bbox 150 1178 262 1210; x_wconf 89' lang='grc' dir='ltr'><strong><em>των</em></strong></span> <span class='ocrx_word' id='word_1_101' title='bbox 301 1155 408 1224; x_wconf 83' lang='grc' dir='ltr'><strong><em>εἰμὶ</em></strong></span> <span class='ocrx_word' id='word_1_102' title='bbox 450 1160 703 1226; x_wconf 77' lang='grc' dir='ltr'><strong><em>πολίτης,</em></strong></span> <span class='ocrx_word' id='word_1_103' title='bbox 744 1157 916 1211; x_wconf 76' lang='grc' dir='ltr'><strong><em>στένω</em></strong></span> <span class='ocrx_word' id='word_1_104' title='bbox 958 1158 1020 1211; x_wconf 84' lang='grc' dir='ltr'><strong><em>δὲ</em></strong></span> <span class='ocrx_word' id='word_1_105' title='bbox 1058 1158 1192 1227; x_wconf 81' lang='grc' dir='ltr'><strong><em>μετὰ</em></strong></span> <span class='ocrx_word' id='word_1_106' title='bbox 1229 1166 1342 1210; x_wconf 90' lang='grc' dir='ltr'><strong><em>τῶν</em></strong></span> <span class='ocrx_word' id='word_1_107' title='bbox 1380 1156 1710 1227; x_wconf 83' lang='grc' dir='ltr'><strong><em>ἡττημένων.</em></strong></span> <span class='ocrx_word' id='word_1_108' title='bbox 1757 1155 1848 1210; x_wconf 85' lang='grc' dir='ltr'><strong><em>καὶ</em></strong></span> 
     </span>
     <span class='ocr_line' id='line_1_14' title="bbox 150 1237 1848 1316; baseline -0.001 -17"><span class='ocrx_word' id='word_1_109' title='bbox 150 1256 264 1310; x_wconf 87' lang='grc' dir='ltr'><strong><em>τοῖς</em></strong></span> <span class='ocrx_word' id='word_1_110' title='bbox 288 1244 390 1316; x_wconf 75' lang='grc' dir='ltr'><strong><em>μὲν</em></strong></span> <span class='ocrx_word' id='word_1_111' title='bbox 422 1249 610 1309; x_wconf 78' lang='grc' dir='ltr'><strong><em>ἄλλοις</em></strong></span> <span class='ocrx_word' id='word_1_112' title='bbox 640 1247 702 1300; x_wconf 88' lang='grc' dir='ltr'><strong><em>τὸ</em></strong></span> <span class='ocrx_word' id='word_1_113' title='bbox 737 1255 1185 1316; x_wconf 85' lang='grc' dir='ltr'><strong><em>στεφανηφορεῖν</em></strong></span> <span class='ocrx_word' id='word_1_114' title='bbox 1217 1237 1323 1300; x_wconf 88' lang='grc' dir='ltr'><strong><em>ἀπὸ</em></strong></span> <span class='ocrx_word' id='word_1_115' title='bbox 1355 1254 1450 1315; x_wconf 84' lang='grc' dir='ltr'><strong><em>τῆς</em></strong></span> <span class='ocrx_word' id='word_1_116' title='bbox 1482 1246 1612 1316; x_wconf 80' lang='grc' dir='ltr'><strong><em>ἐμῆς</em></strong></span> <span class='ocrx_word' id='word_1_117' title='bbox 1633 1253 1848 1314; x_wconf 86' lang='grc' dir='ltr'><strong><em>,προθυ-</em></strong></span> 
     </span>
     <span class='ocr_line' id='line_1_15' title="bbox 149 1335 1847 1406; baseline -0.001 -17"><span class='ocrx_word' id='word_1_118' title='bbox 149 1337 293 1404; x_wconf 89' lang='grc' dir='ltr'><strong><em>μίας,</em></strong></span> <span class='ocrx_word' id='word_1_119' title='bbox 334 1335 454 1403; x_wconf 83' lang='grc' dir='ltr'><strong><em>ἐμοὶ</em></strong></span> <span class='ocrx_word' id='word_1_120' title='bbox 496 1336 556 1389; x_wconf 81' lang='grc' dir='ltr'><strong><em>δὲ</em></strong></span> <span class='ocrx_word' id='word_1_121' title='bbox 596 1336 718 1389; x_wconf 81' lang='grc' dir='ltr'><strong><em>ἀντὶ</em></strong></span> <span class='ocrx_word' id='word_1_122' title='bbox 757 1337 959 1390; x_wconf 91' lang='grc' dir='ltr'><strong><em>τούτου</em></strong></span> <span class='ocrx_word' id='word_1_123' title='bbox 999 1337 1147 1406; x_wconf 83' lang='grc' dir='ltr'><strong><em>παρὰ</em></strong></span> <span class='ocrx_word' id='word_1_124' title='bbox 1184 1344 1284 1389; x_wconf 87' lang='grc' dir='ltr'><strong><em>τοῦ</em></strong></span> <span class='ocrx_word' id='word_1_125' title='bbox 1325 1337 1504 1405; x_wconf 84' lang='grc' dir='ltr'><strong><em>δήμου</em></strong></span> <span class='ocrx_word' id='word_1_126' title='bbox 1543 1337 1604 1389; x_wconf 90' lang='grc' dir='ltr'><strong><em>τὸ</em></strong></span> <span class='ocrx_word' id='word_1_127' title='bbox 1647 1337 1847 1405; x_wconf 86' lang='grc' dir='ltr'><strong><em>δακρύ-</em></strong></span> 
     </span>
     <span class='ocr_line' id='line_1_16' title="bbox 153 1422 1848 1497; baseline -0.001 -19"><span class='ocrx_word' id='word_1_128' title='bbox 153 1445 250 1479; x_wconf 90' lang='grc' dir='ltr'><strong><em>ειν.</em></strong></span> <span class='ocrx_word' id='word_1_129' title='bbox 291 1426 380 1478; x_wconf 84' lang='grc' dir='ltr'><strong><em>καὶ</em></strong></span> <span class='ocrx_word' id='word_1_130' title='bbox 420 1433 484 1495; x_wconf 78' lang='grc' dir='ltr'><strong><em>τῇ</em></strong></span> <span class='ocrx_word' id='word_1_131' title='bbox 524 1422 626 1495; x_wconf 76' lang='grc' dir='ltr'><strong><em>μὲν</em></strong></span> <span class='ocrx_word' id='word_1_132' title='bbox 665 1428 821 1478; x_wconf 89' lang='grc' dir='ltr'><strong><em>πόλει</em></strong></span> <span class='ocrx_word' id='word_1_133' title='bbox 862 1429 1027 1478; x_wconf 89' lang='grc' dir='ltr'><strong><em>λῦσαι</em></strong></span> <span class='ocrx_word' id='word_1_134' title='bbox 1068 1428 1198 1488; x_wconf 80' lang='grc' dir='ltr'><strong><em>τοὺς</em></strong></span> <span class='ocrx_word' id='word_1_135' title='bbox 1246 1427 1459 1496; x_wconf 86' lang='grc' dir='ltr'><strong><em>φόβους</em></strong></span> <span class='ocrx_word' id='word_1_136' title='bbox 1501 1430 1722 1495; x_wconf 75' lang='grc' dir='ltr'><strong><em>ἵσχυσα,</em></strong></span> <span class='ocrx_word' id='word_1_137' title='bbox 1772 1431 1848 1497; x_wconf 75' lang='grc' dir='ltr'><strong><em>τῷ</em></strong></span> 
     </span>
     <span class='ocr_line' id='line_1_17' title="bbox 152 1509 1914 1587; baseline 0.002 -20"><span class='ocrx_word' id='word_1_138' title='bbox 152 1512 212 1567; x_wconf 75' lang='grc' dir='ltr'><strong><em>δὲ</em></strong></span> <span class='ocrx_word' id='word_1_139' title='bbox 253 1515 476 1587; x_wconf 77' lang='grc' dir='ltr'><strong><em>ἀδελφῷ</em></strong></span> <span class='ocrx_word' id='word_1_140' title='bbox 516 1520 680 1568; x_wconf 85' lang='grc' dir='ltr'><strong><em>λῦσαι</em></strong></span> <span class='ocrx_word' id='word_1_141' title='bbox 721 1516 820 1584; x_wconf 86' lang='grc' dir='ltr'><strong><em>τὴν</em></strong></span> <span class='ocrx_word' id='word_1_142' title='bbox 860 1513 1200 1584; x_wconf 81' lang='grc' dir='ltr'><strong><em>ἀποκήρυξιν</em></strong></span> <span class='ocrx_word' id='word_1_143' title='bbox 1239 1515 1341 1568; x_wconf 88' lang='grc' dir='ltr'><strong><em>οὐκ</em></strong></span> <span class='ocrx_word' id='word_1_144' title='bbox 1381 1518 1561 1584; x_wconf 84' lang='grc' dir='ltr'><strong><em>ἔσχον,</em></strong></span> <span class='ocrx_word' id='word_1_145' title='bbox 1605 1513 1728 1567; x_wconf 77' lang='grc' dir='ltr'><strong><em>ἀλλ’</em></strong></span> <span class='ocrx_word' id='word_1_146' title='bbox 1769 1509 1847 1566; x_wconf 81' lang='grc' dir='ltr'><strong><em>ὧν</em></strong></span> <span class='ocrx_word' id='word_1_147' title='bbox 1874 1537 1914 1570; x_wconf 82' lang='lat'><strong><em>15</em></strong></span> 
     </span>
     <span class='ocr_line' id='line_1_18' title="bbox 152 1602 1850 1674; baseline 0 -18"><span class='ocrx_word' id='word_1_148' title='bbox 152 1602 214 1656; x_wconf 80' lang='grc' dir='ltr'><strong><em>ἐν</em></strong></span> <span class='ocrx_word' id='word_1_149' title='bbox 260 1607 550 1674; x_wconf 79' lang='grc' dir='ltr'><strong><em>προσθήκῃ</em></strong></span> <span class='ocrx_word' id='word_1_150' title='bbox 605 1602 895 1667; x_wconf 87' lang='grc' dir='ltr'><strong><em>τεύξεσθαι</em></strong></span> <span class='ocrx_word' id='word_1_151' title='bbox 946 1606 1302 1674; x_wconf 79' lang='grc' dir='ltr'><strong><em>προσεδόκων</em></strong></span> <span class='ocrx_word' id='word_1_152' title='bbox 1352 1602 1471 1658; x_wconf 84' lang='grc' dir='ltr'><strong><em>οὐδ’</em></strong></span> <span class='ocrx_word' id='word_1_153' title='bbox 1527 1604 1666 1657; x_wconf 81' lang='grc' dir='ltr'><strong><em>αὐτὰ</em></strong></span> <span class='ocrx_word' id='word_1_154' title='bbox 1711 1602 1850 1657; x_wconf 86' lang='grc' dir='ltr'><strong><em>καθ’</em></strong></span> 
     </span>
     <span class='ocr_line' id='line_1_19' title="bbox 152 1691 1850 1765; baseline 0 -19"><span class='ocrx_word' id='word_1_155' title='bbox 152 1692 290 1746; x_wconf 80' lang='grc' dir='ltr'><strong><em>αὑτὰ</em></strong></span> <span class='ocrx_word' id='word_1_156' title='bbox 331 1697 523 1762; x_wconf 81' lang='grc' dir='ltr'><strong><em>λαβεῖν</em></strong></span> <span class='ocrx_word' id='word_1_157' title='bbox 563 1693 880 1762; x_wconf 79' lang='grc' dir='ltr'><strong><em>δεδύνημαι.</em></strong></span> <span class='ocrx_word' id='word_1_158' title='bbox 919 1693 1011 1747; x_wconf 88' lang='grc' dir='ltr'><strong><em>καὶ</em></strong></span> <span class='ocrx_word' id='word_1_159' title='bbox 1050 1695 1111 1747; x_wconf 92' lang='grc' dir='ltr'><strong><em>τὸ</em></strong></span> <span class='ocrx_word' id='word_1_160' title='bbox 1153 1695 1495 1761; x_wconf 88' lang='grc' dir='ltr'><strong><em>δεινότατον,</em></strong></span> <span class='ocrx_word' id='word_1_161' title='bbox 1534 1691 1850 1765; x_wconf 82' lang='grc' dir='ltr'><strong><em>κατῄσχυνα</em></strong></span> 
     </span>
     <span class='ocr_line' id='line_1_20' title="bbox 151 1782 1850 1855; baseline 0.001 -20"><span class='ocrx_word' id='word_1_162' title='bbox 151 1783 254 1851; x_wconf 85' lang='grc' dir='ltr'><strong><em>τὴν</em></strong></span> <span class='ocrx_word' id='word_1_163' title='bbox 300 1786 463 1851; x_wconf 87' lang='grc' dir='ltr'><strong><em>νίκην</em></strong></span> <span class='ocrx_word' id='word_1_164' title='bbox 510 1785 718 1852; x_wconf 87' lang='grc' dir='ltr'><strong><em>αἰτήσει</em></strong></span> <span class='ocrx_word' id='word_1_165' title='bbox 765 1790 982 1855; x_wconf 78' lang='grc' dir='ltr'><strong><em>πονηρᾷ</em></strong></span> <span class='ocrx_word' id='word_1_166' title='bbox 1027 1782 1119 1836; x_wconf 85' lang='grc' dir='ltr'><strong><em>καὶ</em></strong></span> <span class='ocrx_word' id='word_1_167' title='bbox 1167 1784 1419 1846; x_wconf 84' lang='grc' dir='ltr'><strong><em>σεσωκὼς</em></strong></span> <span class='ocrx_word' id='word_1_168' title='bbox 1465 1786 1595 1846; x_wconf 86' lang='grc' dir='ltr'><strong><em>τοὺς</em></strong></span> <span class='ocrx_word' id='word_1_169' title='bbox 1645 1786 1850 1850; x_wconf 88' lang='grc' dir='ltr'><strong><em>νόμους</em></strong></span> 
     </span>
     <span class='ocr_line' id='line_1_21' title="bbox 153 1870 1848 1943; baseline 0.001 -19"><span class='ocrx_word' id='word_1_170' title='bbox 153 1873 231 1935; x_wconf 83' lang='grc' dir='ltr'><strong><em>εἰς</em></strong></span> <span class='ocrx_word' id='word_1_171' title='bbox 271 1872 424 1941; x_wconf 79' lang='grc' dir='ltr'><strong><em>ὠμὴν</em></strong></span> <span class='ocrx_word' id='word_1_172' title='bbox 463 1870 551 1925; x_wconf 86' lang='grc' dir='ltr'><strong><em>καὶ</em></strong></span> <span class='ocrx_word' id='word_1_173' title='bbox 593 1873 919 1942; x_wconf 79' lang='grc' dir='ltr'><strong><em>παράνομον</em></strong></span> <span class='ocrx_word' id='word_1_174' title='bbox 949 1872 1213 1942; x_wconf 87' lang='grc' dir='ltr'><strong><em>ὑπήχθην</em></strong></span> <span class='ocrx_word' id='word_1_175' title='bbox 1245 1873 1474 1942; x_wconf 81' lang='grc' dir='ltr'><strong><em>δωρεάν.</em></strong></span> <span class='ocrx_word' id='word_1_176' title='bbox 1515 1873 1599 1926; x_wconf 77' lang='lat'><strong><em>26.</em></strong></span> <span class='ocrx_word' id='word_1_177' title='bbox 1632 1873 1704 1943; x_wconf 81' lang='grc' dir='ltr'><strong><em>μὴ</em></strong></span> <span class='ocrx_word' id='word_1_178' title='bbox 1738 1875 1848 1926; x_wconf 83' lang='grc' dir='ltr'><strong><em>τοί-</em></strong></span> 
     </span>
     <span class='ocr_line' id='line_1_22' title="bbox 155 1960 1916 2035; baseline 0.001 -21"><span class='ocrx_word' id='word_1_179' title='bbox 155 1982 260 2015; x_wconf 91' lang='grc' dir='ltr'><strong><em>νυν</em></strong></span> <span class='ocrx_word' id='word_1_180' title='bbox 306 1960 598 2031; x_wconf 81' lang='grc' dir='ltr'><strong><em>θαυμάσῃς</em></strong></span> <span class='ocrx_word' id='word_1_181' title='bbox 645 1962 691 2014; x_wconf 82' lang='grc' dir='ltr'><strong><em>εἰ</em></strong></span> <span class='ocrx_word' id='word_1_182' title='bbox 739 1964 975 2032; x_wconf 80' lang='grc' dir='ltr'><strong><em>τοσαύτῃ</em></strong></span> <span class='ocrx_word' id='word_1_183' title='bbox 1026 1963 1247 2035; x_wconf 80' lang='grc' dir='ltr'><strong><em>συνόδῳ</em></strong></span> <span class='ocrx_word' id='word_1_184' title='bbox 1295 1971 1480 2015; x_wconf 82' lang='grc' dir='ltr'><strong><em>κακῶν</em></strong></span> <span class='ocrx_word' id='word_1_185' title='bbox 1520 1961 1847 2031; x_wconf 82' lang='grc' dir='ltr'><strong><em>ἐκβέβλημαι</em></strong></span> <span class='ocrx_word' id='word_1_186' title='bbox 1873 1983 1916 2015; x_wconf 82' lang='lat'><strong><em>20</em></strong></span> 
     </span>
     <span class='ocr_line' id='line_1_23' title="bbox 152 2048 1850 2120; baseline 0.001 -17"><span class='ocrx_word' id='word_1_187' title='bbox 152 2060 265 2103; x_wconf 91' lang='grc' dir='ltr'><strong><em>τῶν</em></strong></span> <span class='ocrx_word' id='word_1_188' title='bbox 303 2054 585 2119; x_wconf 81' lang='grc' dir='ltr'><strong><em>λογισμῶν</em></strong></span> <span class='ocrx_word' id='word_1_189' title='bbox 622 2049 713 2104; x_wconf 83' lang='grc' dir='ltr'><strong><em>καὶ</em></strong></span> <span class='ocrx_word' id='word_1_190' title='bbox 756 2059 872 2114; x_wconf 93' lang='grc' dir='ltr'><strong><em>τοῖς</em></strong></span> <span class='ocrx_word' id='word_1_191' title='bbox 917 2049 1017 2118; x_wconf 72' lang='grc' dir='ltr'><strong><em>μὲν</em></strong></span> <span class='ocrx_word' id='word_1_192' title='bbox 1065 2051 1274 2120; x_wconf 80' lang='grc' dir='ltr'><strong><em>ἀλγῶν,</em></strong></span> <span class='ocrx_word' id='word_1_193' title='bbox 1321 2060 1437 2114; x_wconf 87' lang='grc' dir='ltr'><strong><em>τοῖς</em></strong></span> <span class='ocrx_word' id='word_1_194' title='bbox 1485 2048 1546 2104; x_wconf 75' lang='grc' dir='ltr'><strong><em>δὲ</em></strong></span> <span class='ocrx_word' id='word_1_195' title='bbox 1594 2052 1850 2120; x_wconf 84' lang='grc' dir='ltr'><strong><em>αἰσχυνό-</em></strong></span> 
     </span>
     <span class='ocr_line' id='line_1_24' title="bbox 151 2139 1848 2210; baseline 0 -18"><span class='ocrx_word' id='word_1_196' title='bbox 151 2159 315 2207; x_wconf 90' lang='grc' dir='ltr'><strong><em>μενος</em></strong></span> <span class='ocrx_word' id='word_1_197' title='bbox 370 2139 436 2192; x_wconf 87' lang='grc' dir='ltr'><strong><em>οὐ</em></strong></span> <span class='ocrx_word' id='word_1_198' title='bbox 492 2140 641 2192; x_wconf 76' lang='grc' dir='ltr'><strong><em>πάνυ</em></strong></span> <span class='ocrx_word' id='word_1_199' title='bbox 696 2150 984 2210; x_wconf 89' lang='grc' dir='ltr'><strong><em>σωφρονῶ.</em></strong></span> <span class='ocrx_word' id='word_1_200' title='bbox 1041 2139 1155 2194; x_wconf 89' lang='grc' dir='ltr'><strong><em>ἀλλ’</em></strong></span> <span class='ocrx_word' id='word_1_201' title='bbox 1204 2143 1251 2194; x_wconf 89' lang='grc' dir='ltr'><strong><em>εἰ</em></strong></span> <span class='ocrx_word' id='word_1_202' title='bbox 1299 2139 1387 2194; x_wconf 80' lang='grc' dir='ltr'><strong><em>καὶ</em></strong></span> <span class='ocrx_word' id='word_1_203' title='bbox 1438 2142 1563 2194; x_wconf 88' lang='grc' dir='ltr'><strong><em>λίαν</em></strong></span> <span class='ocrx_word' id='word_1_204' title='bbox 1617 2160 1697 2203; x_wconf 91' lang='grc' dir='ltr'><strong><em>τις</em></strong></span> <span class='ocrx_word' id='word_1_205' title='bbox 1747 2139 1848 2192; x_wconf 87' lang='grc' dir='ltr'><strong><em>οὐκ</em></strong></span> 
     </span>
     <span class='ocr_line' id='line_1_25' title="bbox 154 2223 1848 2299; baseline 0.001 -18"><span class='ocrx_word' id='word_1_206' title='bbox 154 2227 236 2281; x_wconf 84' lang='grc' dir='ltr'><strong><em>ἐπ’</em></strong></span> <span class='ocrx_word' id='word_1_207' title='bbox 284 2227 520 2297; x_wconf 85' lang='grc' dir='ltr'><strong><em>ἐμαυτοῦ</em></strong></span> <span class='ocrx_word' id='word_1_208' title='bbox 568 2249 632 2296; x_wconf 89' lang='grc' dir='ltr'><strong><em>με</em></strong></span> <span class='ocrx_word' id='word_1_209' title='bbox 680 2223 820 2282; x_wconf 87' lang='grc' dir='ltr'><strong><em>εἶναι</em></strong></span> <span class='ocrx_word' id='word_1_210' title='bbox 866 2232 1097 2297; x_wconf 85' lang='grc' dir='ltr'><strong><em>νομίζει,</em></strong></span> <span class='ocrx_word' id='word_1_211' title='bbox 1144 2233 1414 2284; x_wconf 88' lang='grc' dir='ltr'><strong><em>τοσοῦτόν</em></strong></span> <span class='ocrx_word' id='word_1_212' title='bbox 1461 2249 1523 2296; x_wconf 91' lang='grc' dir='ltr'><strong><em>γε</em></strong></span> <span class='ocrx_word' id='word_1_213' title='bbox 1567 2227 1671 2299; x_wconf 78' lang='grc' dir='ltr'><strong><em>ἔχω</em></strong></span> <span class='ocrx_word' id='word_1_214' title='bbox 1711 2234 1848 2282; x_wconf 87' lang='grc' dir='ltr'><strong><em>καθ-</em></strong></span> 
     </span>
     <span class='ocr_line' id='line_1_26' title="bbox 154 2313 1847 2390; baseline 0 -20"><span class='ocrx_word' id='word_1_215' title='bbox 154 2325 292 2387; x_wconf 85' lang='grc' dir='ltr'><strong><em>ορᾶν</em></strong></span> <span class='ocrx_word' id='word_1_216' title='bbox 347 2317 420 2380; x_wconf 83' lang='grc' dir='ltr'><strong><em>ὡς</em></strong></span> <span class='ocrx_word' id='word_1_217' title='bbox 473 2318 537 2370; x_wconf 81' lang='grc' dir='ltr'><strong><em>τὰ</em></strong></span> <span class='ocrx_word' id='word_1_218' title='bbox 593 2314 693 2386; x_wconf 77' lang='grc' dir='ltr'><strong><em>μὲν</em></strong></span> <span class='ocrx_word' id='word_1_219' title='bbox 735 2320 1128 2388; x_wconf 89' lang='grc' dir='ltr'><strong><em>λαμπρύνοντα</em></strong></span> <span class='ocrx_word' id='word_1_220' title='bbox 1178 2321 1483 2390; x_wconf 80' lang='grc' dir='ltr'><strong><em>ἄνθρωπον</em></strong></span> <span class='ocrx_word' id='word_1_221' title='bbox 1539 2320 1596 2371; x_wconf 82' lang='grc' dir='ltr'><strong><em>οί</em></strong></span> <span class='ocrx_word' id='word_1_222' title='bbox 1637 2315 1739 2385; x_wconf 71' lang='grc' dir='ltr'><strong><em>μὲν</em></strong></span> <span class='ocrx_word' id='word_1_223' title='bbox 1785 2313 1847 2370; x_wconf 81' lang='grc' dir='ltr'><strong><em>εὖ</em></strong></span> 
     </span>
     <span class='ocr_line' id='line_1_27' title="bbox 151 2400 1913 2478; baseline 0.001 -19"><span class='ocrx_word' id='word_1_224' title='bbox 151 2407 484 2476; x_wconf 77' lang='grc' dir='ltr'><strong><em>πράττοντες</em></strong></span> <span class='ocrx_word' id='word_1_225' title='bbox 524 2406 776 2476; x_wconf 84' lang='grc' dir='ltr'><strong><em>δέχονται</em></strong></span> <span class='ocrx_word' id='word_1_226' title='bbox 814 2406 904 2460; x_wconf 89' lang='grc' dir='ltr'><strong><em>καὶ</em></strong></span> <span class='ocrx_word' id='word_1_227' title='bbox 944 2409 1005 2461; x_wconf 93' lang='grc' dir='ltr'><strong><em>τὸ</em></strong></span> <span class='ocrx_word' id='word_1_228' title='bbox 1044 2404 1147 2477; x_wconf 75' lang='grc' dir='ltr'><strong><em>μὲν</em></strong></span> <span class='ocrx_word' id='word_1_229' title='bbox 1185 2411 1512 2478; x_wconf 88' lang='grc' dir='ltr'><strong><em>πρόσφορον</em></strong></span> <span class='ocrx_word' id='word_1_230' title='bbox 1544 2400 1629 2470; x_wconf 85' lang='grc' dir='ltr'><strong><em>οἷς</em></strong></span> <span class='ocrx_word' id='word_1_231' title='bbox 1658 2408 1848 2476; x_wconf 87' lang='grc' dir='ltr'><strong><em>καιρὸς</em></strong></span> <span class='ocrx_word' id='word_1_232' title='bbox 1872 2428 1913 2461; x_wconf 76' lang='lat'><strong><em>85</em></strong></span> 
     </span>
    </p>
   </div>
   <div class='ocr_carea' id='block_1_4' title="bbox 245 2514 372 2517">
    <p class='ocr_par' dir='ltr' id='par_1_4' title="bbox 245 2514 372 2517">
     <span class='ocr_line' id='line_1_28' title="bbox 245 2514 372 2517; baseline 0 0"><span class='ocrx_word' id='word_1_233' title='bbox 245 2514 372 2517; x_wconf 95' lang='lat' dir='ltr'><strong><em> </em></strong></span> 
     </span>
    </p>
   </div>
   <div class='ocr_carea' id='block_1_5' title="bbox 275 2567 793 2624">
    <p class='ocr_par' dir='ltr' id='par_1_5' title="bbox 275 2567 793 2624">
     <span class='ocr_line' id='line_1_29' title="bbox 275 2567 793 2624; baseline -0.004 -12"><span class='ocrx_word' id='word_1_234' title='bbox 275 2573 328 2612; x_wconf 88' lang='grc'><strong><em>16</em></strong></span> <span class='ocrx_word' id='word_1_235' title='bbox 363 2567 419 2612; x_wconf 86' lang='lat' dir='ltr'><strong><em>of.</em></strong></span> <span class='ocrx_word' id='word_1_236' title='bbox 454 2568 514 2611; x_wconf 79' lang='lat' dir='ltr'><strong><em>ad.</em></strong></span> <span class='ocrx_word' id='word_1_237' title='bbox 546 2582 590 2624; x_wconf 90' lang='lat' dir='ltr'><strong><em>p.</em></strong></span> <span class='ocrx_word' id='word_1_238' title='bbox 618 2571 793 2623; x_wconf 83' lang='lat'>501‚14</span> 
     </span>
    </p>
   </div>
   <div class='ocr_carea' id='block_1_6' title="bbox 156 2661 510 2667">
    <p class='ocr_par' dir='ltr' id='par_1_6' title="bbox 156 2661 510 2667">
     <span class='ocr_line' id='line_1_30' title="bbox 156 2661 510 2667; baseline 0 0"><span class='ocrx_word' id='word_1_239' title='bbox 156 2661 510 2667; x_wconf 95' lang='lat' dir='ltr'><strong><em> </em></strong></span> 
     </span>
    </p>
   </div>
   <div class='ocr_carea' id='block_1_7' title="bbox 155 2714 1848 3007">
    <p class='ocr_par' dir='ltr' id='par_1_7' title="bbox 155 2714 1848 3007">
     <span class='ocr_line' id='line_1_31' title="bbox 275 2714 1848 2775; baseline 0.001 -17"><span class='ocrx_word' id='word_1_240' title='bbox 275 2720 297 2758; x_wconf 88' lang='lat'>1</span> <span class='ocrx_word' id='word_1_241' title='bbox 334 2723 482 2759; x_wconf 84' lang='grc' dir='ltr'><strong><em>ταῦτα</em></strong></span> <span class='ocrx_word' id='word_1_242' title='bbox 513 2729 588 2759; x_wconf 88' lang='lat' dir='ltr'><strong><em>om</em></strong></span> <span class='ocrx_word' id='word_1_243' title='bbox 614 2716 706 2760; x_wconf 78' lang='lat' dir='ltr'><strong><em>Ath</em></strong></span> <span class='ocrx_word' id='word_1_244' title='bbox 849 2720 875 2759; x_wconf 83' lang='lat'>2</span> <span class='ocrx_word' id='word_1_245' title='bbox 916 2717 976 2775; x_wconf 79' lang='grc' dir='ltr'><strong><em>εἰ]</em></strong></span> <span class='ocrx_word' id='word_1_246' title='bbox 1009 2716 1038 2773; x_wconf 89' lang='grc' dir='ltr'>ἡ</span> <span class='ocrx_word' id='word_1_247' title='bbox 1064 2718 1108 2761; x_wconf 93' lang='lat' dir='ltr'><strong><em>L</em></strong></span> <span class='ocrx_word' id='word_1_248' title='bbox 1185 2717 1226 2761; x_wconf 88' lang='grc' dir='ltr'><strong><em>εἰ</em></strong></span> <span class='ocrx_word' id='word_1_249' title='bbox 1256 2718 1284 2774; x_wconf 82' lang='grc' dir='ltr'>ἡ</span> <span class='ocrx_word' id='word_1_250' title='bbox 1318 2717 1428 2760; x_wconf 82' lang='lat' dir='ltr'>Ferr</span> <span class='ocrx_word' id='word_1_251' title='bbox 1569 2722 1596 2759; x_wconf 88' lang='lat'>4</span> <span class='ocrx_word' id='word_1_252' title='bbox 1636 2714 1848 2771; x_wconf 82' lang='grc' dir='ltr'><strong><em>ἀθυμίασ</em></strong></span> 
     </span>
     <span class='ocr_line' id='line_1_32' title="bbox 156 2775 1847 2820; baseline 0.001 -2"><span class='ocrx_word' id='word_1_253' title='bbox 156 2775 248 2819; x_wconf 81' lang='lat' dir='ltr'><strong><em>Ath</em></strong></span> <span class='ocrx_word' id='word_1_254' title='bbox 369 2779 394 2818; x_wconf 85' lang='lat'>5</span> <span class='ocrx_word' id='word_1_255' title='bbox 427 2775 507 2818; x_wconf 78' lang='grc' dir='ltr'><strong><em>καὶ</em></strong></span> <span class='ocrx_word' id='word_1_256' title='bbox 532 2789 607 2818; x_wconf 90' lang='lat' dir='ltr'><strong><em>om</em></strong></span> <span class='ocrx_word' id='word_1_257' title='bbox 632 2776 724 2819; x_wconf 80' lang='lat' dir='ltr'><strong><em>Ath</em></strong></span> <span class='ocrx_word' id='word_1_258' title='bbox 848 2779 901 2818; x_wconf 83' lang='lat'><strong><em>14</em></strong></span> <span class='ocrx_word' id='word_1_259' title='bbox 932 2776 1066 2820; x_wconf 87' lang='grc' dir='ltr'><strong><em>λύσαι</em></strong></span> <span class='ocrx_word' id='word_1_260' title='bbox 1092 2777 1184 2819; x_wconf 80' lang='lat' dir='ltr'><strong><em>Ath</em></strong></span> <span class='ocrx_word' id='word_1_261' title='bbox 1307 2780 1360 2819; x_wconf 88' lang='lat'><strong><em>15</em></strong></span> <span class='ocrx_word' id='word_1_262' title='bbox 1392 2775 1526 2819; x_wconf 87' lang='grc' dir='ltr'><strong><em>λύσαι</em></strong></span> <span class='ocrx_word' id='word_1_263' title='bbox 1550 2775 1847 2820; x_wconf 82' lang='lat' dir='ltr'><strong><em>PAthMosB</em></strong></span> 
     </span>
     <span class='ocr_line' id='line_1_33' title="bbox 155 2832 1846 2891; baseline 0.001 -15"><span class='ocrx_word' id='word_1_264' title='bbox 155 2833 246 2877; x_wconf 82' lang='lat' dir='ltr'><strong><em>edd</em></strong></span> <span class='ocrx_word' id='word_1_265' title='bbox 369 2838 422 2877; x_wconf 83' lang='lat'><strong><em>19</em></strong></span> <span class='ocrx_word' id='word_1_266' title='bbox 455 2835 639 2891; x_wconf 75' lang='grc' dir='ltr'><strong><em>δωρεᾶν</em></strong></span> <span class='ocrx_word' id='word_1_267' title='bbox 664 2835 756 2878; x_wconf 84' lang='lat' dir='ltr'><strong><em>Ath</em></strong></span> <span class='ocrx_word' id='word_1_268' title='bbox 877 2839 930 2877; x_wconf 86' lang='lat'><strong><em>21</em></strong></span> <span class='ocrx_word' id='word_1_269' title='bbox 963 2835 1045 2879; x_wconf 89' lang='grc' dir='ltr'><strong><em>τὸν</em></strong></span> <span class='ocrx_word' id='word_1_270' title='bbox 1077 2832 1293 2891; x_wconf 83' lang='grc' dir='ltr'><strong><em>λογισμὸν</em></strong></span> <span class='ocrx_word' id='word_1_271' title='bbox 1319 2836 1427 2879; x_wconf 80' lang='lat' dir='ltr'><strong><em>Mos</em></strong></span> <span class='ocrx_word' id='word_1_272' title='bbox 1461 2837 1466 2890; x_wconf 96' lang='grc' dir='ltr'>Ι</span> <span class='ocrx_word' id='word_1_273' title='bbox 1509 2833 1846 2891; x_wconf 84' lang='grc' dir='ltr'><strong><em>αἰσχυνόμενον</em></strong></span> 
     </span>
     <span class='ocr_line' id='line_1_34' title="bbox 157 2891 1844 2944; baseline -0.001 -8"><span class='ocrx_word' id='word_1_274' title='bbox 157 2893 248 2937; x_wconf 83' lang='lat' dir='ltr'><strong><em>Ath</em></strong></span> <span class='ocrx_word' id='word_1_275' title='bbox 392 2898 446 2936; x_wconf 70' lang='lat'><strong><em>22</em></strong></span> <span class='ocrx_word' id='word_1_276' title='bbox 486 2891 556 2944; x_wconf 86' lang='grc' dir='ltr'><strong><em>τίς</em></strong></span> <span class='ocrx_word' id='word_1_277' title='bbox 579 2894 715 2938; x_wconf 77' lang='lat' dir='ltr'><em>PAth</em></span> <span class='ocrx_word' id='word_1_278' title='bbox 747 2893 837 2937; x_wconf 87' lang='lat' dir='ltr'><strong><em>edd</em></strong></span> <span class='ocrx_word' id='word_1_279' title='bbox 982 2899 1037 2936; x_wconf 84' lang='lat'><strong><em>23</em></strong></span> <span class='ocrx_word' id='word_1_280' title='bbox 1078 2895 1127 2938; x_wconf 82' lang='grc' dir='ltr'><strong><em>ἐν</em></strong></span> <span class='ocrx_word' id='word_1_281' title='bbox 1161 2893 1306 2938; x_wconf 64' lang='lat' dir='ltr'>Cobet:</span> <span class='ocrx_word' id='word_1_282' title='bbox 1337 2893 1466 2937; x_wconf 85' lang='lat' dir='ltr'><strong>Misc.</strong></span> <span class='ocrx_word' id='word_1_283' title='bbox 1498 2897 1578 2936; x_wconf 84' lang='lat'><strong><em>146</em></strong></span> <span class='ocrx_word' id='word_1_284' title='bbox 1612 2896 1662 2937; x_wconf 69' lang='lat' dir='ltr'><strong><em>ab</em></strong></span> <span class='ocrx_word' id='word_1_285' title='bbox 1694 2893 1750 2938; x_wconf 59' lang='grc' dir='ltr'><strong><em>οἱ</em></strong></span> <span class='ocrx_word' id='word_1_286' title='bbox 1785 2894 1844 2937; x_wconf 83' lang='lat' dir='ltr'><strong><em>ad</em></strong></span> 
     </span>
     <span class='ocr_line' id='line_1_35' title="bbox 155 2956 400 3007; baseline 0 -12"><span class='ocrx_word' id='word_1_287' title='bbox 155 2967 197 3007; x_wconf 89' lang='lat' dir='ltr'><strong><em>p.</em></strong></span> <span class='ocrx_word' id='word_1_288' title='bbox 226 2956 327 3006; x_wconf 82' lang='lat'>271,</span> <span class='ocrx_word' id='word_1_289' title='bbox 347 2957 400 2995; x_wconf 82' lang='lat'><strong><em>16</em></strong></span> 
     </span>
    </p>
   </div>
  </div>
 </body>
</html>
