1986 3158
152 96 259 140 XIV
608 102 613 107 '
819 95 1160 140 PRAEFATIO

155 236 439 298 saepissime
481 235 577 284 sibi
623 237 866 298 optimum
911 237 1337 298 interpretationis
1383 238 1658 286 subsidium
1704 255 1844 301 prae-

154 311 316 358 buisse
347 311 597 372 professus
630 312 716 372 est,
750 312 843 357 etsi
875 310 1116 358 vocabula
1146 312 1270 373 ipsa,
1311 327 1438 373 quae
1470 313 1607 360 locus
1638 314 1844 374 spectat,

155 402 253 432 non
278 384 522 447 exscripta
553 387 683 445 sunt⁷
715 384 833 446 quia
863 400 991 433 unus
1025 385 1234 448 quisque
1267 387 1404 434 cuius
1435 386 1641 434 interest
1672 388 1844 435 statim

153 460 387 508 inveniet.
424 459 643 507 Maasius
667 474 742 506 res
768 474 917 520 quam
941 459 1152 507 maxime
1177 461 1477 508 necessarias
1500 476 1661 524 nugas
1685 461 1843 509 dicere

154 533 287 580 haud
318 533 675 581 verecundatus
701 534 787 581 est.
823 533 890 580 At
922 549 1020 594 qua
1050 533 1155 594 ipse
1187 534 1430 596 gloriatur
1460 534 1741 582 coniectura
1771 536 1842 583 lo-

155 623 268 656 cum
299 606 499 655 Libanii
529 610 564 655 t.
590 607 662 654 VI
696 608 817 669 516,
838 609 902 654 11
945 604 1031 655 τὸν
1061 606 1231 671 Γάμον
1270 607 1392 657 θεὸν
1432 605 1549 656 ὄντα
1586 607 1669 656 καὶ
1707 613 1843 657 θεῶν

155 679 379 746 μέγιστον
412 685 462 729 et
485 681 743 729 Philoxeni
766 680 1102 744 fragmentum
1129 684 1194 730 13
1220 681 1353 745 Γάμε
1378 686 1512 730 θεῶν
1543 681 1843 748 λαμπρότατε

155 773 179 804 0
210 758 376 804 vetere
406 757 459 803 in
490 757 777 817 nuptiarum
816 755 962 802 deum
998 756 1183 818 hymno
1222 756 1442 818 fluxisse,
1482 772 1592 804 eam
1631 758 1843 820 sumpsit

155 846 179 877 e
211 830 332 878 locis
366 830 429 878 ad
460 845 583 891 quos
616 845 706 893 ego
737 829 1006 891 provocavi
1037 832 1072 879 t.
1097 829 1123 877 I
1156 831 1277 891 312,
1298 831 1364 878 18
1397 827 1430 877 ἃ
1461 828 1522 893 δὴ
1554 829 1639 878 τὸν
1670 831 1842 894 Γάμον

154 902 326 967 ὑμνεῖν
365 902 418 952 ἐν
456 903 629 968 γάμοις
667 902 916 967 εἰώθαμεν
959 900 1025 962 ὥς
1072 900 1188 952 ὄντα
1233 902 1414 970 πατέρα
1459 902 1743 970 ἀνθρώπων
1791 908 1841 953 et

155 978 368 1027 Choricii
415 978 618 1039 epithal.
658 978 862 1039 Procop.
901 995 948 1039 p.
985 980 1186 1040 19,20‚
1231 978 1331 1027 nisi
1377 978 1499 1027 satis
1545 979 1721 1026 habuit
1766 981 1840 1026 in-

152 1055 366 1114 spexisse
383 1052 563 1113 Paulyi
589 1055 638 1099 et
654 1052 925 1100 Wissowae
950 1052 1383 1114 encyclopaediam
1407 1068 1444 1100 s.
1462 1069 1504 1101 v.
1524 1052 1690 1116 Γάμος
1716 1069 1841 1115 quae

151 1128 315 1175 locum
353 1126 613 1174 Philoxeni
651 1126 802 1174 etiam
841 1127 894 1174 in
936 1126 1171 1175 Roscheri
1209 1128 1365 1175 lexico
1405 1130 1841 1175 commemoratum

152 1217 262 1249 cum
292 1200 567 1248 Libaniano
600 1202 888 1263 composuit.

262 1274 457 1323 Lubens
497 1291 612 1322 vero
652 1275 830 1323 merito
875 1275 978 1322 iam
1015 1291 1093 1322 me
1133 1275 1195 1322 ad
1236 1276 1418 1323 amicos
1458 1277 1689 1324 converto
1729 1291 1839 1323 cum

152 1362 320 1397 omnes
354 1349 439 1410 qui
469 1365 547 1396 me
586 1350 639 1396 in
677 1350 770 1398 hoc
803 1365 999 1411 quoque
1038 1350 1288 1398 volumine
1328 1349 1669 1411 praeparando
1702 1349 1839 1396 adiu-

150 1425 329 1471 verunt
359 1425 466 1471 tum
499 1423 924 1485 Hieronymum
955 1423 1315 1471 Markovvski
1354 1423 1654 1485 discipulum
1693 1424 1838 1472 dilec-

150 1499 257 1545 tum
290 1499 376 1559 qui
405 1497 530 1545 mihi
560 1499 613 1545 in
642 1498 862 1560 plagulis
895 1497 1210 1560 corrigendis,
1245 1498 1367 1546 locis
1400 1498 1672 1558 afferendis,
1704 1497 1837 1545 codi-

151 1572 287 1620 cibus
315 1570 570 1619 Ghalcenis
595 1571 902 1620 conferendis
927 1587 1128 1634 operam
1152 1587 1291 1620 suam
1314 1571 1549 1620 fidissime
1571 1573 1839 1633 praestitit,

150 1648 200 1692 et
230 1645 479 1692 Paulum
512 1645 865 1695 Sonnabend
905 1647 992 1707 qui
1023 1645 1082 1694 de
1113 1645 1323 1694 Libanio
1354 1646 1698 1695 Demosthenis
1730 1646 1837 1693 imi-

149 1722 310 1767 tatore
343 1723 677 1768 commentans
717 1720 1047 1782 complurium
1084 1737 1160 1767 me
1199 1721 1334 1769 illius
1373 1720 1594 1768 locorum
1627 1735 1837 1768 commo-

149 1793 342 1841 nefecit.

169 1894 171 1896 -
263 1867 544 1915 Scribebam
587 1869 918 1917 Vratislaviae
965 1868 1042 1916 die
1081 1868 1269 1915 XXVII
1307 1868 1488 1916 mensis
1536 1867 1835 1929 Septembris

151 1941 267 1989 anni
298 1941 551 1990 MGMXII.
