2020 3146
83 102 167 146 AD
199 100 700 146 ANTECEDENTEM
730 99 1258 146 DEGLAMATIONEM
1289 101 1620 146 ANTILOGIA
1672 102 1775 155 143

80 239 228 308 βῆμα
265 236 356 291 καὶ
394 245 492 306 τῆς
531 237 798 295 ἐντεῦθεν
847 239 1273 306 φιλανθρωπίας
1318 239 1390 307 μὴ
1438 239 1775 307 διαμαρτεῖν,

81 325 197 380 ἐπεὶ
235 324 359 395 μηδ’
409 326 620 394 ἐφεῖται
665 327 814 393 παρὰ
860 335 972 378 τῶν
1020 327 1205 392 νόμων
1250 326 1434 379 ἅπασα
1479 328 1615 380 κατὰ
1665 336 1777 380 τῶν

79 417 351 470 τοιούτων
404 413 626 478 ἐξουσία
679 423 796 478 τοῖς
845 414 1220 483 κεκτημένοις,
1282 415 1427 469 υἱέσι
1483 413 1544 468 δὲ
1598 416 1777 469 πάντα

80 513 409 574 καρτεροῦσι
456 507 529 573 μὴ
579 503 779 568 ἐξεῖναι
827 503 967 567 ὅλως
1003 513 1188 557 ποιεῖν
1225 504 1371 572 πλὴν
1416 512 1517 557 τοῦ
1564 503 1778 572 στέγειν

81 592 265 661 οὐδέν,
305 594 514 647 οὔκουν
553 591 673 646 οὐδ’
720 593 854 646 ὅσον
892 593 1090 662 γρύξαι
1129 592 1502 662 βιαζομένους.
1542 593 1589 645 3.
1630 594 1777 661 πλὴν

81 682 371 751 ἐπειδήπερ
427 681 673 751 ἐλαφρόν
726 680 843 734 ἐστι
895 684 1026 744 τοὺς
1082 681 1234 745 ε’κτὸς
1288 691 1596 752 συμφορῶν
1648 684 1779 745 τοὺς

82 773 493 841 δυστυχοῦντας
524 770 615 823 καὶ
650 774 1016 841 σωφρονίζειν
1047 771 1139 824 καὶ
1176 777 1474 825 νουθετεῖν
1511 773 1602 824 καὶ
1641 773 1778 840 ἅπερ

81 862 183 930 χρὴ
224 860 422 927 δεῖξαι,
468 860 559 912 καὶ
603 867 711 922 πᾶς
748 879 832 923 τις
878 861 983 929 ἤδη
1032 860 1363 923 διδάσκαλος
1410 860 1629 931 ἀρετῆς,
1676 861 1779 914 ὅσα

81 948 131 1018 γ’
179 949 238 1003 ἐκ
283 959 394 1002 τῶν
441 950 646 1017 λόγων,
701 951 758 1002 τί
807 950 1003 1002 καινὸν
1053 951 1102 1002 εἰ
1156 950 1226 1018 δή
1279 969 1426 1012 τινες
1470 959 1582 1002 τῶν
1633 947 1780 1018 ἐμῶν

80 1047 263 1092 κακῶν
323 1038 498 1106 μηδὲν
558 1039 959 1107 αἰσθανόμενοι
1013 1037 1046 1106 ἢ
1101 1036 1193 1091 καὶ
1249 1038 1391 1101 ὅλως
1444 1037 1779 1106 ἀγνοοῦντες

82 1127 215 1180 ὅσον
260 1129 322 1181 τὸ
368 1126 603 1195 πάσχειν
656 1126 859 1190 ἀδίκως
911 1129 992 1190 εἰς
1045 1129 1301 1180 ἔκστασιν
1353 1137 1467 1180 τῶν
1521 1129 1780 1195 δεόντων,

82 1218 439 1270 συνίστανται
477 1214 592 1269 κατ’
641 1215 774 1283 ἐμοῦ
814 1215 1191 1287 προσθέμενοι
1230 1223 1306 1289 τῷ
1346 1217 1510 1285 πατρὶ
1552 1215 1641 1269 καὶ
1679 1217 1781 1285 τὴν

83 1305 422 1375 ἀποκήρυξιν
479 1304 935 1371 ἐπισπεύδουσιν;
996 1305 1217 1373 ἀπειρία
1279 1307 1383 1375 γὰρ
1445 1305 1782 1375 πραγμάτων

80 1398 323 1457 πολλοὺς
367 1396 631 1458 πολλάκις
677 1395 1027 1464 σφάλλεσθαι
1071 1404 1219 1448 ποιεῖ
1268 1403 1368 1448 τοῦ
1420 1397 1781 1463 καθήκοντος.

81 1484 130 1536 4.
172 1479 251 1537 ὧν
290 1503 351 1552 γε
392 1485 460 1553 δὴ
498 1484 661 1554 χάριν
708 1485 800 1537 καὶ
844 1484 1001 1553 ὑμεῖς
1047 1485 1252 1547 αὐτοὺς
1296 1485 1430 1554 μετὰ
1476 1491 1572 1551 τῆς
1619 1492 1781 1552 σφῶν

83 1573 331 1640 ἀπειρίας
368 1575 547 1627 πολλὰ
585 1576 800 1643 χαίρειν
839 1575 1087 1636 εἰπόντες
1125 1574 1186 1626 τὸ
1226 1575 1462 1642 νόμιμον
1510 1572 1646 1641 ὑμῖν
1686 1571 1780 1639 ἀρ-

82 1668 258 1731 χῆθεν
311 1661 402 1715 καὶ
466 1663 709 1731 σύνηθες
763 1663 863 1716 τὸν
925 1661 1009 1715 ἀεὶ
1063 1664 1270 1731 χρόνον
1322 1662 1614 1715 κάνταῦθα
1671 1661 1781 1713 δει-

82 1753 283 1805 κνύναι
308 1757 498 1804 οἴεσθε
523 1753 660 1819 δεῖν,
686 1749 811 1804 ὥστ’
846 1751 1071 1804 ἀκούειν
1102 1748 1205 1819 μὲν
1236 1751 1479 1819 εὐμενῶς
1511 1748 1783 1818 ἑκατέρων

83 1850 196 1894 τῶν
236 1841 436 1908 λόγων,
477 1843 783 1909 φαίνεσθαι
823 1837 884 1893 δὲ
915 1841 1022 1909 πρὸ
1063 1847 1159 1908 τῆς
1189 1842 1383 1908 ψήφου
1424 1839 1782 1909 χαλεπαίνον-

83 1949 180 1991 τας
237 1934 344 1982 εἴτε
407 1928 798 1998 χαριζομένους
858 1939 971 1982 τῶν
1032 1927 1452 1997 ἀγωνιζομένων
1512 1926 1782 1996 μηδέποτε

83 2019 295 2086 μηδενί.
339 2016 388 2070 5.
421 2019 470 2071 εἰ
510 2018 571 2070 δὲ
601 2017 692 2071 καὶ
731 2025 840 2071 νῦν
877 2019 1107 2088 πρώτως
1142 2026 1272 2081 παῖς
1302 2015 1430 2087 παρ’
1468 2017 1604 2086 ὑμῖν
1642 2015 1782 2083 ἀγω-

85 2109 286 2170 νίζεται
325 2107 463 2175 πρὸς
501 2106 708 2177 πατέρα
758 2092 849 2159 καὶ
897 2107 1100 2160 οὔποτε
1137 2116 1250 2159 τῶν
1285 2107 1509 2159 ἄνωθεν
1546 2107 1783 2175 ἡμερῶν,

85 2196 157 2263 μὴ
197 2195 519 2264 θαυμάσητε
558 2196 833 2264 μηδαμῶς.
887 2204 1204 2264 καινοτομεῖ
1246 2196 1350 2264 γὰρ
1392 2194 1421 2248 ὁ
1462 2196 1660 2264 χρόνος
1699 2191 1782 2247 ἀεὶ

85 2282 176 2336 καὶ
216 2292 323 2336 νῦν
363 2284 464 2350 μὲν
504 2286 753 2337 δείκνυσι
793 2291 989 2351 ταῦτα,
1041 2291 1149 2336 νῦν
1188 2284 1250 2337 δὲ
1287 2291 1485 2351 ταῦτα,
1530 2281 1621 2336 καὶ
1661 2281 1784 2352 μετ’

86 2372 278 2439 ὀλίγον
340 2372 521 2441 ἕτερα,
582 2373 672 2425 καὶ
727 2370 842 2439 μετ’
902 2370 1064 2425 ἐκεῖν’
1125 2373 1288 2440 ἄλλα,
1343 2372 1434 2425 καὶ
1490 2372 1634 2425 οὕτω
1691 2373 1784 2425 διὰ

85 2460 288 2523 παντὸς
326 2462 587 2531 κρύπτων
626 2462 728 2530 μὲν
767 2460 850 2514 ἀεὶ
887 2462 955 2514 τά
993 2460 1257 2530 φανέντα,
1298 2463 1450 2530 ἄγων
1488 2459 1540 2514 δ’
1577 2462 1656 2523 εἰς
1695 2460 1783 2529 με’-

88 2562 190 2602 σον
230 2548 352 2602 ἀντὶ
393 2559 504 2603 τῶν
543 2550 824 2603 ἀπιόντων
862 2549 1034 2619 ἕτερα.
1089 2551 1298 2603 οὐκοῦν
1345 2551 1413 2603 οὐ
1460 2551 1647 2619 πόρρω
1688 2557 1783 2617 τῆς

208 2685 234 2724 5
278 2679 454 2737 στέγειν
497 2679 638 2725 οὐδέν
682 2680 847 2736 scripsi
880 2693 904 2724 e
944 2681 985 2723 V
1060 2679 1246 2738 στέγειν.
1293 2681 1433 2725 οὐδὲν
1465 2681 1508 2724 L
1586 2678 1782 2737 στέγειν;

90 2739 227 2783 οὐδὲν
246 2754 308 2796 pr
384 2738 574 2796 στέγειν,
605 2740 745 2784 οὐδὲν
776 2739 921 2782 Kurtz
983 2739 1041 2784 cf,
1073 2755 1119 2796 p.
1148 2745 1254 2795 146,
1275 2745 1327 2783 11
1474 2744 1501 2783 8
1546 2738 1664 2794 ἅπερ
1696 2738 1781 2795 χρὴ

90 2799 239 2851 δεῖξαι
256 2799 421 2855 scripsi
440 2802 629 2843 auctore
646 2798 838 2842 Kurtzio
899 2797 1083 2856 ἀπόχρη
1101 2798 1395 2855 δόξαιΒῩΡν
1517 2803 1569 2841 11
1598 2799 1784 2842 ἔκτασιν

82 2871 147 2914 pr
269 2863 324 2901 14
354 2859 551 2908 πολλοὺς
574 2858 739 2914 scripsi
800 2857 947 2902 πολλὰ
970 2858 1121 2914 LVpr
1243 2862 1296 2901 19
1330 2854 1563 2913 φαίνεσθε
1587 2857 1631 2900 L
1656 2857 1737 2900 sed
1763 2872 1784 2900 ε

90 2916 140 2958 in
166 2933 214 2960 αι
245 2931 346 2960 corr
368 2917 439 2960 111²
559 2922 614 2960 25
647 2914 886 2974 μετολίγον
909 2917 1009 2961 LV
1123 2922 1179 2960 26
1212 2914 1488 2968 διαπαντὸς·
1516 2917 1559 2959 V
1580 2918 1586 2972 Ι
1614 2917 1661 2966 ἐς
1684 2916 1786 2975 Lpr

1804 1059 1848 1092 10

1805 1504 1847 1538 15

1806 1949 1850 1981 20

1808 2391 1850 2425 25
