2020 3146
196 118 267 170 84
611 118 840 162 LIBANII
872 118 1264 164 DECLAMATIO
1298 120 1488 164 XXXIII
1536 130 1538 132 ·

192 246 452 320 τελοῦσα,
491 263 606 315 τοῖς
645 256 1028 323 περιλείμμασι
1075 264 1187 307 τῶν
1235 258 1418 325 ἄρτων
1464 255 1886 325 διατρεφομένη,

191 342 344 412 ὕδωρ
378 343 515 411 αὐτή
548 362 604 395 τε
642 347 882 396 πίνουσα
923 342 1014 395 καὶ
1045 345 1141 406 τὰς
1172 345 1576 412 θεραπαινίδας
1606 343 1885 412 ἐθίζουσα,

130 461 132 463 -
191 433 350 500 μόλις
395 442 514 494 ταῖς
559 436 888 500 νουμηνίαις
941 431 1241 500 λουομένη,
1291 435 1457 485 λεπτὰ
1503 430 1605 500 μὲν
1650 432 1884 501 ὑφαινο-

190 518 350 588 μένη,
404 523 668 573 πωλοῦσα
715 521 776 574 δὲ
823 524 1034 590 μᾶλλον
1073 520 1106 588 ἢ
1154 522 1430 590 χρωμένη,
1482 521 1884 592 ε’πικαττύουσα

147 629 166 662 5
190 609 257 661 τὰ
289 611 470 679 σαπρὰ
502 619 614 662 τῶν
646 613 935 678 χιτωνίων,
975 607 1142 662 οὐδὲν
1175 611 1406 679 δεομένη
1439 609 1718 679 τραπέζης,
1757 610 1884 664 ἀλλ’

100 701 224 746 RIV
242 707 327 747 625
373 694 379 770 Ι
438 697 525 751 ἐπὶ
581 707 644 767 τῇ
700 702 932 768 ταλασίᾳ
987 708 1142 751 σῖτον
1207 699 1523 768 αἱρουμένη.
1583 707 1884 768 τοιγαροῦν

189 784 357 840 ἔνδον
397 787 571 855 αὐτὴν
610 785 714 856 ἔχω
763 786 852 839 καὶ
895 787 1102 857 στέργω
1151 786 1239 841 καὶ
1280 789 1575 857 θησαυρὸν
1621 789 1882 856 ὀνομάζω.

303 877 384 928 11.
418 875 495 928 ‘H
534 873 635 944 μὲν
681 873 784 930 οὗν
835 875 958 944 παρ’
1006 875 1207 946 ἑτέρων
1254 879 1390 945 πρὸς
1443 876 1581 943 ἡμᾶς
1634 876 1880 931 ἐλθοῦσα

186 973 454 1018 τοσοῦτον
493 972 588 1032 τῆς
627 966 880 1027 παιδείας
920 963 1162 1031 ἐδέξατο,
1205 965 1232 1018 ὁ
1275 962 1334 1017 δὲ·
1385 965 1437 1027 ἐξ
1492 965 1625 1033 ἐμοῦ
1675 966 1811 1034 φύς,
1851 965 1880 1018 ὁ

120 1077 163 1108 ιο
187 1052 309 1123 παρ’
357 1052 476 1122 ἐμοὶ
523 1057 776 1122 τραφείς,
825 1054 853 1107 ὁ
894 1057 1135 1117 πολλοὺς
1183 1054 1443 1116 ἐπαίνους
1488 1052 1628 1123 ὑπὲρ
1678 1055 1880 1123 χρημά-

184 1161 298 1194 των
336 1141 578 1205 ἆκούσας
618 1145 695 1205 εἰς
734 1142 965 1196 ὀθνεῖον
1007 1142 1252 1207 ἐξώκειλε
1299 1147 1521 1213 τρόπον.
1582 1144 1780 1213 μικρὸν
1819 1140 1880 1199 δὲ

186 1231 410 1284 ἄνωθεν
457 1233 803 1300 διηγήσομαι.
869 1232 1056 1301 ἐπειδὴ
1113 1234 1215 1300 γὰρ
1272 1234 1374 1298 ἤδη
1431 1242 1560 1294 παῖς
1614 1228 1684 1299 ἦν
1735 1231 1795 1284 ἐν
1842 1225 1886 1304 ᾧ

184 1315 280 1388 τῆς
319 1319 534 1387 ἡλικίας
573 1322 770 1389 καιρὸν
809 1322 1076 1390 λαμβάνει
1115 1322 1180 1373 τὰ
1212 1323 1571 1389 παιδεύματα,
1611 1323 1880 1387 συνεβου-

327 1501 349 1539 1
385 1496 443 1540 cf.
476 1498 509 1539 t.
535 1496 557 1538 1
579 1501 682 1550 481,
702 1501 726 1539 9
861 1501 886 1538 2
919 1496 1039 1540 Plat.
1072 1496 1162 1554 leg.
1198 1496 1280 1539 VII
1314 1512 1354 1552 p.
1383 1497 1526 1540 808A
1647 1501 1673 1539 4
1706 1496 1877 1552 Phryn.

181 1554 271 1599 lex.
289 1570 335 1612 p.
356 1560 491 1609 39,19
511 1555 582 1598 ed.
600 1555 785 1599 Bekker
900 1560 924 1598 6
952 1555 1083 1601 Chor.
1104 1569 1226 1599 avar.
1246 1560 1270 1609 g
1289 1562 1315 1598 5
1334 1571 1377 1611 p.
1397 1560 1496 1609 506,
1514 1559 1566 1598 13
1684 1560 1737 1599 10
1763 1555 1876 1600 Xen.

183 1613 286 1670 ΟΠ.
310 1614 331 1657 Ι
355 1619 469 1668 2,15
594 1620 646 1658 11
682 1614 738 1658 cf.
766 1618 798 1658 b.
824 1615 889 1659 IV
913 1620 1013 1669 467,
1033 1621 1058 1659 6
1185 1620 1237 1659 12
1273 1615 1329 1658 cf.
1365 1615 1423 1657 ad
1456 1617 1490 1658 b.
1515 1615 1578 1658 ΠΙ
1602 1619 1703 1670 453,
1723 1619 1747 1657 5

303 1784 327 1822 6
360 1776 599 1822 ταλασία
630 1778 682 1821 τὸ
717 1778 853 1834 ἔργον
886 1785 977 1822 τῶν
1009 1786 1245 1836 γυναικῶν
1276 1779 1365 1821 Las·
1433 1781 1495 1836 τῷ
1522 1777 1626 1835 ἱστῷ
1652 1775 1680 1832 ἢ
1705 1784 1760 1834 τῇ
1787 1778 1873 1833 ἐρι-

181 1836 348 1899 ουργίᾳ
381 1837 512 1882 schol
542 1837 592 1880 in
623 1851 757 1894 marg
789 1837 890 1881 Mor

303 1991 325 2029 1
358 1984 679 2042 περιλείμμασι
714 1987 779 2029 Va.
813 1986 894 2029 sed
927 1987 992 2029 λει
1024 1985 1073 2029 in
1105 1999 1180 2029 ras
1207 1985 1276 2028 m²
1304 1988 1309 2040 Ι
1338 1983 1678 2040 διατρεφομένη
1709 1984 1874 2040 scripsi

180 2059 237 2089 ex
259 2045 316 2089 Η
321 2045 600 2090 VCLaViCl
672 2043 930 2100 τρεφομένη
958 2047 1003 2089 Β
1079 2042 1467 2100 παρατρεφομένη
1495 2045 1557 2087 M
1563 2044 1633 2087 Va
1664 2043 1755 2086 edd

181 2110 206 2147 2
239 2104 323 2155 τὰς
352 2102 701 2159 θεραπαινίδας
733 2104 896 2160 scripsi
929 2117 985 2147 ex
1010 2104 1176 2149 HOLa
1188 2105 1244 2147 1³⁷2·
1277 2103 1357 2147 sed
1387 2103 1438 2145 in
1465 2103 1552 2146 hoc
1575 2100 1875 2157 θεραπαίνας

178 2177 396 2220 suprascr
426 2164 496 2207 m²
556 2162 639 2212 τὰς
670 2161 987 2217 θεραπαινίας
1018 2164 1063 2207 V
1127 2161 1209 2212 τὰς
1241 2159 1539 2218 θεραπαίνας
1565 2162 1670 2205 ΜΒ
1683 2163 1749 2206 Va
1782 2161 1872 2205 edd

238 2230 340 2272 ταῖς
370 2220 708 2277 θεραπαινίσιν
735 2223 787 2266 Cl
907 2228 932 2265 3
965 2220 1132 2278 μόναις
1165 2223 1229 2265 Va
1278 2225 1284 2277 1
1335 2218 1529 2276 λυομένη
1558 2220 1619 2263 M
1674 2219 1872 2276 λουμένῃ

179 2281 327 2326 Cobet
359 2281 457 2326 Coll
489 2286 573 2325 297
617 2281 674 2325 cf.
706 2283 739 2324 t.
765 2281 828 2325 ΠΙ
854 2286 924 2336 29,
945 2286 1022 2334 13;
1064 2285 1163 2334 319,
1186 2287 1207 2324 1
1355 2288 1380 2324 5
1420 2279 1577 2333 σαθρὰ
1610 2278 1755 2323 Cobet
1785 2279 1813 2322 l.
1840 2279 1869 2323 1.

178 2343 228 2385 eb
258 2340 374 2384 Misc
408 2345 492 2384 158
525 2342 575 2384 ab
607 2341 664 2384 cf.
698 2341 758 2383 ad
790 2343 822 2383 fi.
849 2340 912 2382 IV
937 2344 1008 2393 32,
1028 2343 1081 2383 13
1133 2342 1138 2396 Ι
1191 2338 1414 2396 χιτωνίων
1447 2340 1504 2383 Vi
1544 2338 1626 2382 sed
1666 2339 1871 2395 χιτώνων

177 2413 397 2456 suprascr
428 2399 497 2443 m²
573 2398 855 2456 χιτωνίσκων
882 2401 926 2443 Β
1071 2403 1095 2442 6
1139 2405 1193 2456 τῇ
1229 2413 1301 2443 om
1331 2399 1382 2443 Ol
1525 2402 1550 2441 8
1595 2397 1661 2446 εἰς
1683 2399 1727 2440 Β

182 2463 237 2502 10
269 2459 370 2514 ἐμοὶ
403 2459 567 2515 scripsi
600 2473 654 2502 ex
679 2458 733 2501 H
740 2460 782 2501 V
782 2458 891 2502 GLa
925 2458 1005 2502 sed
1036 2457 1087 2501 in
1118 2457 1206 2502 hoc
1239 2458 1282 2502 ο),
1314 2457 1360 2500 in
1395 2464 1450 2500 οῦ
1483 2470 1584 2500 corr
1606 2456 1869 2511 iterumque

179 2518 224 2561 οὶ
257 2531 398 2574 supra
430 2525 483 2560 οῦ
518 2531 589 2560 scr
619 2531 660 2570 s,
697 2518 754 2560 Vi
785 2518 867 2561 sed
908 2518 1019 2573 ἐμοῦ
1057 2516 1108 2560 in
1146 2532 1278 2573 marg
1310 2517 1391 2570 m2,
1418 2517 1542 2560 BVa
1619 2515 1728 2571 ἐμοῦ
1757 2515 1870 2560 Mol

179 2576 272 2619 edd
395 2582 447 2619 12
480 2583 591 2626 παῖς
622 2575 710 2631 ἤδη
740 2577 799 2619 M
827 2576 929 2620 Met
970 2579 975 2633 ι
1026 2574 1115 2632 ἤδη
1142 2578 1217 2620 La
1249 2577 1331 2620 sed
1362 2578 1460 2631 η(2)
1494 2589 1550 2619 ex
1581 2591 1619 2619 ει
1653 2588 1753 2618 corr
1784 2589 1809 2630 q

179 2649 256 2678 om
282 2636 333 2680 Ol
457 2641 508 2679 13
542 2634 763 2691 λαμβάνει
788 2635 954 2689 καιρὸν
979 2637 1025 2680 Β
1052 2639 1058 2690 1
1085 2642 1231 2690 καιρῶ
1253 2636 1309 2678 Γί
1332 2635 1413 2678 sed.
1438 2634 1493 2677 ὸν
1518 2647 1732 2690 suprascr
1755 2633 1826 2676 m'
1859 2634 1864 2690 Ι

178 2694 520 2750 ἐπιτηδεύματα
546 2694 620 2737 La
631 2695 674 2736 V
670 2696 690 2737 i
715 2697 719 2748 ξ
750 2693 1145 2751 συνεβουλευόμην
1170 2720 1224 2726 -
1251 2698 1320 2747 85,
1342 2698 1363 2736 1
1391 2691 1553 2737 δοτέον
1579 2693 1727 2735 citant
1759 2706 1791 2735 s.
1826 2707 1865 2735 v.

177 2753 470 2810 συμβουλεύω
503 2753 552 2795 in
584 2765 718 2809 marg
758 2755 957 2808 excerpt,
992 2753 1255 2797 Darmstad.
1287 2753 1354 2796 fol
1379 2756 1482 2796 335„
1515 2753 1562 2795 eb
1598 2750 1866 2807 praemissis

177 2812 332 2855 verbis
372 2811 739 2869 συμβουλεύομαι
771 2811 876 2855 ἀντὶ
915 2818 996 2855 τοῦ
1037 2811 1275 2870 συμβούλῳ
1316 2818 1506 2866 χρῶμαι.
1553 2810 1776 2868 Λιβάνιος
1815 2809 1865 2854 ἐν

175 2870 336 2929 μελέτῃ
369 2877 423 2928 τῇ
455 2878 535 2915 τοῦ
569 2870 857 2926 φιλαργύρου
890 2870 1091 2913 Thomas
1125 2870 1184 2913 M.
1219 2885 1251 2912 S.
1290 2885 1325 2913 v,
1361 2870 1651 2926 συμβουλεύω
1692 2885 1735 2925 p.
1765 2873 1864 2922 346,

176 2936 203 2971 3
224 2929 263 2972 R
290 2932 296 2985 Ι
325 2928 667 2986 συνεβουλόμην
695 2931 756 2973 Μ
