2014 3158
623 125 922 171 STRATEGI
953 124 1256 169 APOLOGIA
1398 132 1400 136 ·
1621 103 1625 109 ’
1674 122 1782 176 509

84 265 188 334 μὲν
228 265 332 334 γὰρ
374 266 594 333 φοβοῦν
634 262 662 314 ὁ
695 271 1022 332 κακουργῶν
1061 269 1311 330 πειρᾶται
1351 262 1674 329 λανθάνειν,
1714 255 1782 313 οὗ

87 350 150 406 δὲ
189 360 603 422 καταφρονῆσαι
642 352 922 420 πρόσεστι,
959 350 1096 417 πρὸς
1134 357 1335 402 τοῦτον
1375 349 1567 418 ἀνίησί
1600 368 1652 401 τι
1688 356 1781 418 τῆς

87 442 382 510 ἀκριβείας.
422 440 492 494 ἂν
531 440 738 510 ἀκούσῃ
777 440 877 492 τὸν
916 441 1240 507 στρατηγόν,
1280 436 1522 508 ἔφριξεν,
1563 437 1631 491 ἂν
1670 447 1782 491 τῶν

88 530 397 597 ἀνωνύμων
435 529 713 597 ὁντινοῦν,
754 528 1078 598 ἐθάρρησεν.
1120 527 1327 580 οὐκοῦν
1368 527 1478 580 ἐκεῖ
1506 525 1606 594 μὲν
1646 525 1781 596 ἐφυ-

89 618 310 687 λάξατο,
366 618 611 671 ἐνταῦθα
665 616 729 670 δέ
777 637 831 670 τι
885 615 974 669 καὶ
1028 615 1424 686 παρημέλησεν.
1481 611 1587 669 εἷθ’
1636 616 1779 669 οὕτω

87 708 498 777 παρεγυμνώθη
554 727 606 759 τι
659 716 772 759 τῶν
824 703 1264 774 κεκαλυμμένων.
1327 703 1414 757 54.
1454 707 1673 757 τοιοῦτό
1729 724 1781 758 τι

86 797 177 849 καὶ
216 794 340 866 περὶ
379 797 509 858 τοὺς
547 802 992 863 κακουργοῦντας
1039 804 1150 846 τῶν
1197 796 1426 847 οἰκετῶν
1473 796 1780 863 συμβαίνει.

89 887 141 938 οἱ
189 886 291 952 γὰρ
343 884 710 954 ὑφαιρεῖσθαι
759 885 824 936 τὰ
878 893 989 936 τῶν
1045 884 1328 936 δεσποτῶν
1379 875 1781 953 ἐπιχειροῦντες

91 972 185 1041 ὑφ’
231 969 310 1026 ὧν
350 972 451 1026 οὐκ
491 973 560 1025 ἄν
598 993 681 1035 τις
721 970 883 1045 ᾠήθη.
920 973 1183 1035 πολλάκις
1227 972 1610 1041 ἐμηνύθησαν,
1650 972 1678 1026 ὁ
1719 969 1781 1025 δὲ

88 1066 282 1130 ταμίας
321 1061 422 1114 οὐκ
460 1059 681 1130 ᾔσθετο.
721 1063 829 1129 καί,
869 1062 936 1129 νὴ
976 1065 1088 1114 Διά
1129 1082 1206 1130 γε,
1245 1072 1357 1114 τῶν
1395 1064 1661 1130 γειτόνων
1699 1082 1781 1124 τις

84 1148 227 1218 ἔγνω
268 1151 370 1218 τὴν
410 1149 714 1219 ἐπιβουλὴν
751 1151 858 1221 πρὸ
897 1159 1009 1204 τῶν
1041 1150 1380 1220 ὁμοδούλων.
1420 1154 1478 1204 τί
1504 1148 1608 1204 οὖν
1637 1157 1779 1204 θαυ-

83 1240 294 1308 μαστὸν
332 1242 383 1292 εἰ
419 1239 524 1292 κάν
561 1248 676 1302 τοῖς
714 1249 924 1303 κοινοῖς
961 1247 1056 1309 τῆς
1094 1242 1304 1303 πόλεως
1343 1246 1469 1293 ἴσον
1508 1260 1559 1293 τι
1599 1242 1779 1308 γίγνε-

83 1347 172 1381 ται
211 1331 307 1380 καί
340 1348 421 1391 τις
462 1328 840 1396 ἐπιβουλεύων
877 1338 991 1391 τοῖς
1031 1331 1221 1398 νόμοις
1253 1329 1319 1383 ὃν
1350 1328 1476 1402 ᾤετο
1508 1331 1780 1382 κωλύσειν

84 1417 279 1470 λαθὼν
317 1410 362 1488 ᾦ
402 1420 659 1486 μελήσειν
699 1418 801 1471 οὐκ
841 1416 1074 1487 ἐνόμιζε,
1113 1421 1289 1491 τούτῳ
1331 1418 1557 1487 κατέστη
1599 1420 1779 1487 δῆλος.

1807 1087 1848 1119 10

196 1505 282 1559 55.
325 1506 528 1568 Ξένος
580 1503 735 1574 ἧκεν
790 1507 966 1577 ἐρῶν.
1021 1509 1254 1571 εἰκότως.
1309 1508 1375 1561 οὐ
1423 1509 1552 1578 γάρ,
1604 1508 1655 1560 εἴ
1698 1527 1780 1570 τις
1803 1530 1846 1564 15

0 1639 2 1642 ,
85 1595 432 1663 ἐπιβουλεύει
471 1598 647 1664 πόλει,
686 1596 777 1648 καὶ
816 1597 918 1664 τὴν
956 1598 1307 1666 παρασκευὴν
1346 1596 1418 1649 δι’
1464 1592 1527 1665 ἧς
1566 1597 1777 1665 ἡγεῖται

80 1687 400 1754 κρατήσειν,
451 1682 512 1737 ἐν
551 1685 719 1755 ταύτῃ
759 1694 995 1738 ποιεῖται
1041 1693 1105 1755 τῇ
1151 1687 1319 1739 πόλει.
1358 1684 1524 1738 ’τουτὶ
1564 1687 1667 1755 γὰρ
1709 1684 1778 1738 ἂν

6 1813 10 1816 -
81 1778 166 1841 εἴη
206 1778 579 1839 θανατῶντος,
620 1774 686 1826 οὐ
726 1775 1060 1841 τυραννίδος
1099 1774 1348 1844 ἐρῶντος.
1395 1776 1477 1837 τίς
1522 1776 1627 1843 γὰρ
1675 1774 1777 1827 οὐκ

83 1862 153 1914 ἂν
213 1862 468 1914 ὑπείδετο
531 1867 748 1930 πλῆθος
808 1862 958 1931 ὁρῶν
1019 1864 1286 1932 σωμάτων
1345 1863 1776 1933 ἀθροιζομένων,

203 1998 227 2035 2
260 1992 381 2036 Plat.
414 1993 604 2036 Theaet.
639 2008 683 2048 p.
712 1997 795 2037 150
815 1994 854 2036 A

203 2116 224 2154 1
251 2118 440 2166 πειρᾶτε
459 2112 535 2154 La
560 2111 641 2154 sed
666 2129 716 2155 αι
740 2127 881 2169 supra
906 2129 926 2156 ε
944 2127 981 2169 p
1102 2118 1127 2156 2
1155 2130 1200 2156 τι
1225 2127 1299 2157 om
1319 2114 1372 2159 Ol
1492 2119 1516 2156 3
1549 2113 1632 2158 τὸν
1656 2114 1775 2157 ἀνώ-

82 2187 229 2226 νυμον
250 2171 302 2216 Ol
421 2175 447 2212 4
474 2169 723 2215 ὁντιναοῦν
742 2173 845 2216 ΜΒ
859 2172 927 2216 Va
948 2171 1004 2215 cf.
1023 2187 1068 2228 p.
1088 2177 1253 2227 491,12
1283 2173 1289 2229 Ι
1319 2172 1583 2229 ἐθάρρησεν
1608 2173 1773 2229 scripsi

82 2242 107 2272 e
133 2230 255 2274 LaB
268 2231 336 2274 Va
412 2228 674 2286 ἐθάρσησεν
698 2231 927 2276 LMViol
958 2231 1050 2275 edd
1082 2232 1138 2275 ef.
1171 2247 1214 2288 p.
1243 2236 1342 2287 514,
1361 2237 1435 2287 16;
1469 2236 1570 2286 427,
1591 2236 1637 2285 ὃς
1670 2234 1703 2275 t.
1733 2232 1774 2275 ΙΙ

82 2292 153 2342 35,
173 2292 250 2343 153
275 2288 337 2331 IV
355 2293 455 2341 444,
474 2292 522 2343 83
549 2289 702 2343 V320,
722 2294 769 2343 ’ἴς
793 2295 894 2344 479,
914 2295 962 2346 63
990 2293 996 2346 Ι
1025 2291 1198 2335 οὐκοῦν
1220 2317 1274 2324 -
1301 2295 1326 2334 5
1352 2289 1674 2347 παρημέλησεν
1698 2304 1774 2334 om

79 2347 125 2390 B
247 2353 272 2391 5
305 2364 374 2392 τοι
403 2348 456 2392 Ol
576 2353 601 2391 6
633 2346 677 2391 τί
703 2349 896 2393 MOlVa
922 2350 930 2408 Ι
956 2349 1386 2406 κεκωλυμένωνμΙΛα
1397 2351 1453 2394 Vi
1479 2354 1486 2406 1
1513 2349 1697 2395 τοιοῦτό
1729 2366 1773 2394 τι

4 2459 6 2461 ,
82 2406 245 2463 scripsi
270 2420 294 2450 e
312 2408 387 2451 La
398 2407 501 2451 ViB
514 2408 582 2450 Va
605 2409 658 2449 ut
683 2408 787 2451 coni
811 2408 878 2452 Re
939 2409 1152 2454 τοιοῦτόν
1174 2426 1218 2453 τι
1244 2411 1306 2454 Μ
1361 2409 1546 2454 τοιοῦτό
1577 2425 1649 2453 τοι
1674 2410 1775 2454 Lol

81 2465 171 2509 edd
296 2470 320 2508 7
344 2466 634 2521 κακούργους
652 2467 785 2510 MLa
796 2467 854 2510 Vi
974 2473 998 2511 9
1025 2483 1134 2512 voce
1160 2465 1224 2512 ὧν
1249 2469 1330 2512 des
1356 2470 1432 2513 La
1455 2468 1533 2512 fol.
1561 2473 1638 2523 353
1662 2481 1773 2512 voce

79 2523 359 2580 κρινομένου
396 2540 441 2581 p.
476 2529 575 2578 517,
597 2530 647 2568 11
681 2525 757 2568 inc
789 2526 867 2570 fol.
896 2530 973 2582 363
1017 2527 1174 2571 media
1206 2528 1386 2572 duobus
1426 2527 1551 2571 foliis
1589 2528 1772 2571 amissis

80 2583 322 2640 perierunt
443 2587 498 2627 10
530 2582 599 2634 τίς
622 2584 747 2628 MVi
758 2586 826 2629 Va
857 2585 946 2629 edd
1071 2592 1124 2630 12
1157 2585 1248 2631 κᾶν
1281 2587 1440 2631 ViOlB
1469 2590 1474 2642 Ι
1503 2594 1684 2638 καινοῖς
1718 2587 1774 2630 Vi

86 2641 92 2702 Ι
126 2650 218 2686 τῶν
248 2642 427 2687 πόλεων
451 2643 496 2687 Β
541 2645 546 2698 Ι
590 2639 691 2687 ἴσον
726 2644 917 2689 ViGlVa
954 2647 961 2695 Ι
1002 2643 1048 2690 τί
1073 2647 1135 2690 M
1141 2647 1325 2690 ViBVa
1363 2649 1368 2700 Ι
1404 2644 1579 2703 γίνεται
1603 2647 1649 2689 Β
1681 2645 1771 2689 edd

204 2706 256 2745 13
288 2701 483 2746 κωλύειν
511 2703 573 2745 Μ
600 2703 680 2745 sed
714 2716 738 2746 σ
762 2703 886 2747 inser
908 2703 991 2758 m2,
1027 2706 1139 2750 Viol
1150 2706 1216 2749 Va
1249 2705 1330 2748 sed
1354 2705 1403 2748 in
1428 2705 1514 2748 hoc
1543 2717 1616 2747 ras
1645 2710 1666 2747 1
1694 2704 1773 2748 litt

10 2775 16 2781 ·
81 2761 189 2816 post
219 2777 247 2803 v
370 2765 425 2804 14
457 2767 592 2804 τοῦτο
628 2762 697 2805 Va
818 2766 871 2807 16
906 2763 1218 2822 ἐπιβουλεύσει
1253 2765 1309 2807 Vi
1358 2767 1363 2819 Ι
1413 2770 1466 2820 τῇ
1502 2765 1609 2806 ante
1641 2761 1772 2807 πόλει

83 2877 173 2920 edd
250 2877 399 2921 delevi
526 2882 598 2921 ’19
636 2877 848 2924 ὑπείδετο
875 2881 918 2924 L
950 2882 1032 2924 sed
1062 2822 1359 2926 gzgg‘ggusv
1391 2881 1439 2924 in
1472 2894 1606 2937 marg
1654 2883 1660 2938 Ι
1712 2877 1771 2925 ἂν

8 2950 11 2952 ·
83 2936 167 2992 οὐχ
199 2934 414 2980 ὑπείδετο
441 2937 503 2979 Μ
