2044 3168
113 94 196 139 AD
228 92 728 139 ANTEOEDENTEM
758 92 1287 139 DECLAMATIONEM
1318 93 1651 139 ANTILOGIA
1700 94 1809 147 153

109 239 206 300 τῆς
245 230 434 292 αἰτίας.
489 230 634 283 οὕτω
674 231 779 299 γὰρ
828 230 975 283 ἅπαν
1021 231 1212 299 ἔργον,
1259 230 1363 283 κᾶν
1410 232 1609 299 μικρὸν
1652 234 1806 300 εἴπῃς

108 318 213 372 κᾶν
251 321 452 388 μεῖζον,
493 319 815 387 ἀνθρώποις
853 315 1043 382 ἔδοξεν
1075 317 1339 383 ἐξετάζειν
1371 319 1437 372 οὐ
1470 320 1638 383 ψιλὸν
1670 319 1804 372 αὐτὸ

108 406 239 460 καθ’
283 407 417 460 αὑτὸ
457 413 792 477 θεωροῦσιν,
833 406 971 460 ἀλλὰ
1008 406 1100 460 καὶ
1139 409 1234 470 τὰς
1276 408 1529 476 ἀφορμὰς
1568 420 1805 461 σκοπου-

109 494 320 565 μένοις,
369 500 429 549 αἳ
463 498 565 566 τὴν
603 497 778 566 ἀρχὴν
815 497 951 567 πρὸς
998 495 1220 565 γένεσιν
1260 495 1520 565 ἐκίνησαν
1558 496 1802 551 ἕκαστον.

108 583 194 638 25.
234 578 359 639 οἷον
398 585 491 639 ὅδε
530 587 628 640 τὸν
667 586 824 639 δεῖνα
860 595 1039 647 κακῶς
1086 581 1252 638 εἶπεν.
1308 585 1375 639 οὐ
1423 585 1805 654 καθυπάγεται
1852 605 1876 638 ⁵

106 675 364 745 τιμωρίᾳ,
424 684 640 743 πρῶτος
699 675 803 744 γὰρ
865 675 1070 743 ἤκουσε
1130 672 1262 742 παρ’
1329 673 1543 727 ἐκείνου
1614 684 1805 738 κακῶς.

110 762 355 816 ἀπέθανε
404 759 465 816 δὲ
510 763 679 815 πάλιν
725 762 819 816 ὅδε
865 761 1092 832 πληγεὶς
1145 764 1294 832 παρὰ
1339 763 1518 816 τοῦδε.
1573 762 1696 826 ἄξιά
1742 783 1804 831 γε

109 862 219 906 τῶν
258 850 436 923 ἔργων
482 852 707 920 παθών,
758 850 1053 919 ἐπίβουλος
1100 853 1202 921 γὰρ
1249 846 1320 919 ἦν
1365 859 1461 920 τῆς
1500 852 1676 914 οἰκίας
1713 851 1805 905 καὶ

108 951 219 995 τῶν
264 940 605 1009 τιμιωτάτων
651 940 813 1011 αὐτῷ.
868 941 965 993 τὸν
1014 941 1171 994 δεῖνα
1210 939 1239 993 ὁ
1287 941 1459 1008 δῆμος
1508 939 1804 994 ἀπέκτεινε.

106 1034 308 1099 καλῶς,
355 1031 631 1101 προδότης
669 1031 774 1099 γὰρ
815 1025 884 1097 ἦν
922 1028 1014 1083 καὶ
1062 1029 1362 1099 λαμβάνων
1400 1031 1536 1083 κατὰ
1573 1037 1668 1098 τῆς
1705 1031 1805 1083 πό-
1829 1050 1878 1082 10

108 1124 255 1183 λεως.
296 1119 472 1182 οὕτως
511 1119 830 1188 ἁπανταχοῦ
867 1118 1211 1184 ἐξετάζοντας
1242 1119 1805 1189 συμπαραλαμβάνειν

107 1207 198 1262 καὶ
245 1210 341 1271 τὰς
388 1210 565 1271 αἰτίας
610 1209 901 1278 προσήκει,
946 1206 1076 1275 μεθ’
1119 1203 1200 1262 ὧν
1251 1207 1448 1261 ἔκαστα
1486 1206 1803 1277 πέπρακται.

107 1296 197 1350 καὶ
238 1300 308 1350 σὺ
339 1301 534 1351 τοίνυν
563 1297 895 1367 μεμαθηκὼς
924 1294 1064 1367 ὑπὲρ
1098 1306 1201 1350 σοῦ
1233 1296 1536 1366 τάργύριον
1567 1295 1804 1366 ἀπιέναι,

105 1387 253 1448 ὅπως
283 1406 346 1455 γε
381 1387 674 1456 ὑγιαίνοις,
711 1385 745 1454 ἢ
778 1389 990 1455 μᾶλλον
1022 1387 1214 1454 εἰπεῖν,
1256 1386 1403 1448 ὅπως
1440 1387 1502 1440 τὸ
1540 1387 1805 1455 δεύτερον

108 1471 262 1547 ζῴης,
300 1474 427 1544 περὶ
463 1476 567 1546 γὰρ
600 1475 852 1529 θανάτου
884 1474 976 1528 καὶ
1009 1478 1145 1545 ζωῆς
1177 1475 1450 1544 ἐξητάζου,
1482 1475 1584 1544 οὐχ
1615 1475 1804 1543 ὑγείας
1828 1493 1876 1527 1⁵

106 1563 196 1618 καὶ
237 1566 425 1633 νόσου,
467 1566 656 1618 σκόπει
697 1566 748 1618 εί
779 1567 854 1633 μή
887 1578 975 1617 σοι
1008 1566 1086 1628 εἰς
1119 1563 1248 1618 δέον
1279 1564 1605 1618 ἀναλῶσθαι
1638 1565 1802 1618 δοκεῖ.

106 1654 192 1707 26.
234 1656 285 1707 εί
320 1650 422 1722 μὲν
461 1649 566 1707 οὗν
611 1650 723 1722 ἔχει
769 1673 852 1716 τις
897 1654 1071 1721 ἄλλην
1108 1649 1234 1722 παρ’
1282 1653 1353 1721 ἣν
1400 1653 1562 1716 αὐτὸς
1608 1655 1804 1722 τίθημι

104 1744 388 1813 πρόφασιν
420 1743 594 1796 τῶνδε
624 1751 736 1795 τῶν
767 1741 1143 1811 ἀναλωμάτων
1175 1743 1365 1810 εἰπεῖν,
1407 1740 1537 1795 δεόν
1567 1744 1640 1810 μὴ
1673 1744 1803 1796 ταύ-

105 1851 223 1901 την,
263 1831 400 1884 ἀλλὰ
447 1829 538 1884 καὶ
577 1834 737 1900 μείζω
784 1834 996 1903 πολλῷ,
1043 1835 1195 1901 εἴπερ
1243 1823 1366 1884 οἷόν
1403 1829 1451 1883 τ’
1496 1827 1589 1899 ἧν,
1641 1852 1802 1886 κατα-

108 1921 272 1989 δίκην
305 1920 639 1988 ἐπενεγκεῖν·
681 1920 784 1990 οὐχ
816 1918 1208 1990 εὑρισκομένης
1240 1917 1300 1972 δὲ
1331 1920 1591 1988 μηδαμῶς
1626 1923 1803 1985 αἰτίας
1826 1940 1875 1972 20

105 2010 252 2079 παρὰ
300 2009 402 2077 τὴν
452 2007 747 2078 εἰρημένην
799 2011 857 2061 τί
902 2028 984 2071 τις
1022 2007 1093 2061 ἂν
1130 2010 1230 2062 τὸν
1269 2007 1520 2062 ἀναίτιον
1559 2011 1803 2082 αἰτιῷτο;

104 2099 339 2167 μάλιστα
378 2094 481 2166 μὲν
520 2093 624 2151 οὖν
663 2098 752 2150 καὶ
791 2100 1014 2150 πολλῶν
1052 2092 1124 2165 ἦν
1163 2098 1374 2161 δίκαιος
1410 2107 1523 2151 τῶν
1562 2098 1808 2152 ἐπαίνων

24 2175 27 2177 ’
105 2186 408 2240 ἀπολαύειν
447 2185 575 2240 ἀνθ’
616 2182 695 2239 ὧν
735 2188 958 2255 ἔδρασα,
998 2187 1047 2240 εἰ
1086 2183 1147 2239 δὲ
1185 2188 1258 2256 μὴ
1296 2188 1528 2255 τούτων,
1566 2189 1628 2241 τὸ
1661 2197 1802 2256 γοῦν

105 2276 177 2344 μὴ
234 2275 460 2329 ἀκούειν
513 2284 692 2338 κακῶς
745 2273 873 2344 μηδ’
925 2273 1278 2343 ἐγκαλεῖσθαι
1333 2277 1445 2329 ἔδει
1498 2286 1801 2346 προσεῖναι.

108 2363 237 2417 νυνὶ
277 2361 338 2417 δὲ
387 2367 457 2418 σὺ
504 2363 662 2418 πάντ’
710 2363 869 2431 ἀφεὶς
914 2362 1308 2433 ἀποκηρύττεις
1354 2361 1447 2434 ἐμὲ
1492 2363 1583 2418 καὶ
1629 2373 1802 2418 ταῦτα
1825 2382 1872 2416 2⁶

102 2453 431 2521 μηδαμόθεν
485 2461 584 2506 τοῦ
641 2453 859 2506 δικαίου
913 2451 1244 2520 ὁρμώμενος.
1309 2453 1375 2506 οὐ
1429 2454 1534 2524 γὰρ
1595 2453 1802 2526 ἀσωτία

103 2543 494 2609 προσκείμενος
534 2541 651 2596 οὐδ’
693 2541 921 2610 ἡδοναῖς
953 2542 1240 2595 δουλεύων
1273 2540 1392 2595 οὐδ’
1432 2541 1637 2611 ὀρέξεις
1669 2541 1801 2596 ἀπο·

104 2631 345 2698 πιμπλὰς
385 2628 644 2699 ἐμαυτοῦ,
685 2630 752 2683 οὐ
791 2631 1102 2696 συμπόσιον
1140 2639 1463 2700 συγκροτῶν
1502 2628 1633 2684 οὐδὲ
1673 2645 1802 2683 συν-

223 2795 250 2834 8
281 2792 361 2835 καὶ
392 2790 569 2835 inserui
601 2804 625 2834 c
660 2792 703 2835 V
758 2803 833 2834 om
864 2791 966 2847 Lpr
1096 2795 1151 2834 14
1183 2807 1232 2847 γε
1266 2790 1432 2846 scripsi
1503 2788 1551 2835 τὲ
1577 2791 1620 2835 L
1680 2806 1727 2834 τε
1762 2791 1805 2834 V

96 2863 159 2906 pr
282 2854 335 2892 15
360 2850 471 2910 ζῴης
487 2849 652 2906 scripsi
713 2849 957 2905 ζῆςΖῩΡν
1079 2854 1132 2892 19
1159 2849 1278 2894 κατὰ
1295 2848 1433 2906 δίκην
1450 2864 1513 2906 pr
1634 2854 1686 2892 21
1714 2848 1798 2904 τὴν

104 2907 349 2965 εἰρημένην
381 2908 546 2966 scripsi
606 2908 689 2960 τὰς
720 2905 964 2965 εἰρημένας
986 2907 1135 2964 LVpr
