2044 3168
201 94 306 148 166
649 116 656 127 ι
784 92 1078 138 GREGORJI
1107 52 1310 137 ¹CYPRII

197 229 718 299 δραγαθισαμένους
757 230 830 292 ὡς
875 230 1072 298 ἄριστα
1118 230 1256 300 πρὸς
1297 229 1393 291 τὰς
1431 229 1598 297 τύχας
1643 229 1734 281 καὶ
1775 229 1890 282 ἱκα-

196 317 412 372 νώτατα
449 320 587 390 πρὸς
633 320 730 382 τὰς
777 318 1015 386 ἀνάγκας
1061 317 1494 387 μεμαχημένους;
1541 317 1609 370 οὔ
1655 337 1749 386 μοι
1796 319 1889 371 δο-

197 419 311 471 κεῖς
378 416 647 463 τοσοῦτον
719 410 919 477 ζηλοῦν
981 408 1390 477 φιλοσκώμμων
1458 405 1682 459 ἀκούειν
1751 406 1889 459 ὥστε

196 496 513 565 μέμφεσθαι
553 495 652 558 οὓς
690 496 1070 565 εὐλαβηθῆναι
1100 496 1191 548 καὶ
1222 496 1320 548 τὸν
1352 498 1571 564 Μῶμον
1603 495 1894 548 αἰτιᾶσθαί

154 608 173 639 5
200 600 385 654 φασιν.
425 585 511 638 48.
553 585 761 638 οὐκοῦν
801 584 1051 654 σχέτλιον
1098 584 1168 637 ἂν
1209 589 1290 652 εἴη
1338 585 1569 646 τούτους
1617 583 1719 650 μὲν
1757 585 1890 652 μήτε

196 675 513 743 μέμφεσθαι
566 672 687 743 μήτ’
750 673 1001 742 ἐγκαλεῖν
1056 675 1362 742 αἱρεῖσθαι,
1419 674 1591 741 δῆλον
1644 673 1746 741 γὰρ
1805 671 1889 724 ὅτι

196 760 320 832 μηδ’
361 762 451 816 ἀπ’
493 763 745 825 ἐναντίας
776 761 937 832 ἀνέξῃ
970 771 1088 825 ταῖς
1118 763 1342 815 πάντων
1374 759 1560 825 δόξαις
1591 760 1889 830 ὁρμᾶσθαι,

195 854 296 905 τὸν
336 850 395 906 δὲ
435 852 564 905 υἱὸν
602 852 741 921 ὑπὲρ
781 852 988 913 πάντας
1027 850 1118 904 καὶ
1159 852 1382 920 ἰατροὺς
1419 851 1511 904 καὶ
1548 851 1891 919 κυβερνήτας

200 941 260 994 ἐν
297 949 413 1004 τοῖς
451 942 588 993 κατὰ
627 941 688 993 σὲ
733 941 1022 1002 κινδύνοις
1061 938 1308 1007 φανέντα
1356 939 1753 1007 ἀποκηρύττειν
1785 939 1891 992 καὶ

130 1052 174 1085 ιο
199 1030 607 1100 ἀπαλλοτριοῦν
646 1036 854 1082 σαυτοῦ
893 1027 984 1081 καὶ
1023 1026 1172 1081 τοῦτ’
1211 1024 1339 1081 ἀνθ’
1382 1024 1460 1080 ὧν
1499 1025 1729 1092 ἔσωσενς
1770 1024 1890 1096 εἶτ’,

198 1117 239 1172 ὦ
286 1121 425 1188 πρὸς
479 1124 646 1186 θεοῦ,
705 1123 808 1171 οἴει
865 1118 988 1170 τινὰ
1044 1118 1350 1186 σύμψηφον
1395 1115 1537 1180 ἕξειν
1581 1118 1746 1185 τῆσδε
1796 1124 1892 1185 τῆς

197 1209 440 1277 γνώμης;
481 1207 583 1261 οὐκ
622 1203 778 1276 οἶμαί
813 1226 936 1260 τινα
975 1204 1166 1275 ἔγωγε,
1206 1207 1253 1259 εἰ
1292 1208 1367 1275 μή
1401 1226 1483 1269 τις
1514 1203 1668 1259 ἐστὶν
1707 1206 1740 1258 ἃ
1778 1225 1891 1258 κοι-

197 1306 307 1360 νῶς
353 1297 551 1359 πάντες
602 1296 788 1349 ἴσασιν
836 1296 1001 1358 αὐτὸς
1048 1294 1282 1363 ἀγνοῶν.
1352 1295 1440 1348 49.
1480 1293 1599 1364 ἐμοὶ
1639 1295 1740 1364 μὲν
1788 1290 1892 1347 οὗν

199 1388 374 1454 δοκεῖ,
422 1384 527 1439 κᾶν
574 1387 622 1439 εἰ
660 1382 833 1454 μηδὲν
873 1378 1023 1454 εἶχον
1070 1383 1129 1436 ἐκ
1175 1392 1275 1437 τοῦ
1314 1385 1380 1437 τὰ
1426 1391 1653 1437 τοιαῦτα
1693 1385 1891 1451 δρᾶσαι

132 1495 174 1529 15
199 1475 354 1538 τέλος
393 1474 562 1530 οὐδὲν
598 1473 921 1542 ἀπαντῆσαν
969 1471 1142 1537 δεῖξαι
1193 1474 1434 1543 χρηστὸν
1472 1471 1614 1542 μηδέ
1656 1491 1708 1525 τι
1748 1474 1892 1539 ἄμει-

199 1584 302 1617 νον
341 1564 562 1632 συμβὰν
608 1562 731 1628 περὶ
773 1561 859 1631 σέ,
905 1570 1002 1631 τῆς
1046 1569 1188 1631 γοῦν
1227 1561 1402 1631 ὀρθῆς
1448 1561 1668 1630 γνώμης
1707 1559 1892 1614 ἕνεκεν

198 1650 322 1719 μεθ’
380 1648 445 1720 ἧς
492 1653 592 1719 τὴν
635 1652 741 1719 σὴν
789 1650 1280 1721 ἐπραγματευόμην
1325 1651 1597 1720 βοήθειαν
1658 1650 1892 1712 δεόντως

198 1747 421 1795 πολλῶν
460 1740 762 1794 ἀπολαύειν
803 1740 1069 1809 ἐπαίνων,
1117 1745 1173 1792 εἴ
1209 1759 1293 1802 τις
1331 1735 1485 1792 οἶδεν
1524 1737 1893 1807 ἀνθρωπίνως

201 1833 529 1899 λογίζεσθαι.
570 1830 636 1883 οὐ
669 1831 774 1899 γὰρ
808 1829 914 1882 ἀπὸ
954 1836 1052 1882 τοῦ
1091 1827 1284 1891 τέλους
1314 1826 1485 1881 πάνθ’
1525 1826 1709 1889 ἁπλῶς
1745 1828 1893 1879 δοκι-

134 1941 177 1973 20
201 1918 468 1988 μάζουσιν
507 1920 565 1972 οἵ
600 1938 660 1987 γε
699 1923 876 1980 καλῶς
916 1919 1235 1980 διαιτῶντες
1280 1926 1395 1979 τοῖς
1439 1917 1745 1987 πράγμασι,
1791 1916 1894 1984 τὴν

201 2007 262 2060 δὲ
323 2009 548 2076 γνώμην
612 2007 645 2075 ἣ
717 2008 945 2077 πρώτως
1007 2005 1260 2075 ἐκίνησεν
1329 2004 1664 2070 ἐξετάζοντες
1725 2001 1893 2057 οὐδὲν

198 2095 500 2165 περαιτέρω
555 2094 934 2165 προέρχονται.
998 2096 1091 2147 διὰ
1144 2098 1203 2148 τί
1251 2092 1382 2148 ποθ’
1444 2093 1641 2164 οὕτως,
1703 2091 1892 2161 ἐπειδὴ

200 2184 569 2254 προαιρέσεως
616 2183 975 2254 ἀνθρωπίνης
1019 2185 1110 2237 καὶ
1156 2193 1267 2236 τῶν
1314 2181 1401 2252 ἐφ’
1454 2182 1585 2251 ἡμῖν
1633 2183 1813 2234 ὄντων
1859 2181 1892 2249 ἡ

202 2274 408 2342 γνώμη.
447 2274 616 2343 ταύτῃ
656 2292 741 2325 τοι
779 2271 869 2325 καὶ
910 2273 1098 2342 ὀρθῶς
1135 2273 1335 2341 ταύτης
1374 2270 1605 2340 ἐχούσης
1636 2271 1709 2332 ὡς
1747 2269 1893 2337 ὀρθὰ

135 2383 178 2417 25
203 2361 621 2432 προῃρημένους
669 2362 949 2414 δικαιώσει
1003 2380 1085 2423 τις
1131 2359 1399 2414 ἐπαινεῖν·
1457 2358 1527 2411 ἂν
1574 2358 1635 2411 δὲ
1681 2360 1752 2427 μὴ
1801 2359 1895 2411 οὕ-

205 2468 334 2518 τως,
383 2449 744 2511 ὑπευθύνους
793 2449 1048 2517 ἡγήσεται
1089 2451 1351 2516 τιμωρίας
1387 2447 1604 2518 πονηρά
1642 2466 1699 2499 τε
1740 2446 1893 2514 στρέ-

208 2557 415 2607 φοντας
457 2539 564 2604 καί,
605 2538 739 2590 ὅσον
790 2538 867 2599 εἰς
905 2536 1044 2606 ἡμᾶς
1093 2533 1214 2605 ἧκε,
1269 2535 1777 2605 διαπεπραγμένους
1827 2537 1893 2588 τὰ

210 2630 387 2696 χείρω.
429 2626 457 2679 ὁ
498 2627 601 2694 γὰρ
636 2628 776 2694 ἔχων
817 2624 876 2677 ἐκ
906 2625 1274 2694 προαιρέσεως
1311 2633 1644 2693 κακουργεῖν
1682 2620 1886 2693 τάχιστ’

322 2747 349 2785 4
380 2741 500 2785 Plat.
532 2754 628 2798 rep.
655 2741 718 2784 VI
749 2742 795 2797 p.
822 2742 966 2784 487A

324 2849 347 2887 7
382 2842 665 2895 ἀπεναντίας
691 2846 733 2888 L
776 2848 782 2899 1
824 2844 942 2901 αὔξῃ
968 2845 1011 2887 L
1134 2847 1188 2886 10
1219 2840 1351 2887 ταῦτ’
1397 2844 1432 2886 V
1550 2848 1602 2887 15
1635 2842 1696 2898 μὴ
1729 2841 1825 2887 δέτι
1849 2843 1892 2885 L

214 2905 257 2947 V
373 2908 426 2947 16
461 2904 616 2958 ὀρθῶς
640 2905 682 2947 L
805 2908 859 2946 22
893 2901 1018 2947 δια-τί
1050 2904 1093 2947 V
1149 2903 1275 2946 διατὶ
1299 2903 1342 2946 L
