2044 3168
121 105 204 149 AD
236 103 737 150 ANTECEDENTEM
767 103 1300 151 DECLAMAT-IONEM
1331 102 1662 149 ANTILOGIA
1712 103 1814 155 17].

123 242 273 309 ὅρων
312 241 414 294 οὐκ
453 236 547 309 ἦν,
595 240 714 295 ἀλλ’
759 240 1116 311 ἐξωνησάμην
1162 241 1327 303 αὐτὸς
1372 239 1463 293 καὶ
1511 246 1586 312 τῷ
1640 239 1817 312 μέτρω

122 329 448 399 προσέθηκα
488 331 555 383 οὐ
586 336 661 403 τῷ
694 329 943 402 ταλάντῳ
975 331 1130 402 μόνῳ
1162 329 1519 399 χρησάμενος,
1558 329 1697 382 ἀλλὰ
1729 331 1819 382 καὶ

123 427 240 481 τοῖς
279 419 514 489 δάκρυσι
553 428 670 482 τοῖς
709 418 873 488 ἐμοῖς.
923 426 1095 472 ταῦτα
1141 418 1203 471 δὲ
1250 419 1434 471 δίκαια
1471 418 1690 481 πάντως
1727 417 1818 472 καὶ

123 507 606 578 νενομοθετημένα
645 517 709 579 τῇ
751 509 932 579 φύσει.
979 507 1190 575 ἐκείνης
1228 509 1398 576 νόμος
1436 508 1498 560 τὸ
1539 508 1659 560 δεῖν
1696 516 1820 560 παῖ-

125 597 226 660 δας
288 599 451 659 ὄντας
511 606 624 651 τῶν
684 597 1073 666 γεννησάντων
1127 598 1445 666 φροντίζειν
1505 596 1598 649 καὶ
1658 598 1820 667 χάριν

125 685 425 755 ἀπονέμειν
463 687 683 739 ἅπασαν
723 686 822 754 ὅση
863 687 1087 754 δυνατή.
1151 685 1238 738 57.
1278 685 1487 738 οὐκοῦν
1530 685 1820 753 ὑπήκουσα

123 782 198 847 τῷ
245 777 397 846 νόμω
451 773 543 828 καὶ
597 775 699 843 τὴν
752 776 916 845 χάριν
970 773 1190 827 ἀπέδων
1236 775 1303 827 οὐ
1350 775 1568 845 τροφὴν
1613 773 1819 844 ὀρέξας,

123 864 226 917 οὐκ
276 863 484 933 ἐσθῆτα
531 864 690 931 δούς,
742 864 844 916 οὐκ
883 865 1018 916 ἄλλο
1057 883 1111 916 τι
1148 872 1260 916 τῶν
1306 873 1518 932 μικρῶν
1563 863 1666 916 κάκ
1720 872 1819 918 τοῦ

122 951 328 1024 ῥᾴστου
358 952 751 1022 ποριζομένων,
774 954 876 1022 τὴν
909 953 970 1005 δὲ
1002 954 1143 1021 ζωὴν
1175 952 1367 1021 αὐτήν,
1398 953 1459 1005 τὸ
1491 954 1821 1022 τιμιώτατον

123 1041 402 1114 ἀνθρώπῳ
442 1049 618 1111 κτῆμα
654 1043 746 1095 καὶ
784 1042 1136 1106 τελεώτατον,
1174 1037 1314 1111 ὑπὲρ
1355 1036 1423 1094 οὗ
1469 1042 1611 1104 ἅπας
1649 1044 1820 1105 πόνος

125 1130 273 1204 αὐτῷ
305 1129 396 1184 καὶ
435 1139 584 1184 πᾶσα
623 1130 855 1185 ἐπίνοια.
897 1130 981 1183 ὅτι
1016 1130 1077 1183 δὲ
1109 1129 1182 1184 δι’
1221 1130 1613 1199 ἀναλωμάτων,
1652 1131 1820 1184 οὐδὲν

123 1219 274 1289 μέγα.
314 1220 490 1283 οὕτως
527 1219 668 1290 ἐξῆν.
716 1221 895 1283 ἄλλως
934 1220 1037 1273 οὐκ
1076 1219 1227 1289 ἐνῆν,
1267 1218 1390 1273 ἐπεί
1423 1222 1516 1272 τοί
1549 1239 1612 1288 γε
1651 1220 1822 1289 οὔσης

122 1310 214 1363 καὶ
253 1310 419 1379 ἄλλης
456 1310 604 1380 παρὰ
641 1311 849 1379 ταύτην
886 1311 1079 1379 πείρας
1118 1308 1461 1379 ἑτοιμοτέρας
1507 1309 1647 1362 ὥστε
1697 1311 1822 1362 τινὰ

124 1398 368 1468 μετιέναι
432 1399 535 1468 τὴν
598 1401 873 1469 σωτηρίαν
941 1408 1057 1461 πῶς
1110 1398 1182 1452 ἂν
1236 1398 1343 1467 ἐγὼ
1405 1398 1660 1468 παριδὼν
1720 1399 1822 1467 τὴν

125 1485 335 1559 ῥᾴστην
389 1487 524 1542 ὁδὸν
580 1485 810 1557 ἔμελλον
863 1489 1040 1557 ἄλλην
1089 1496 1362 1558 τραπῆναι
1408 1486 1501 1540 καὶ
1546 1487 1823 1556 τοσαύτην

124 1575 420 1646 ἀφαίρεσιν
465 1583 690 1645 ποιῆσαι
749 1571 828 1629 ὧν
875 1574 980 1644 ἐγὼ
1020 1575 1134 1645 μετ’
1182 1575 1250 1628 οὐ
1297 1578 1440 1629 πολὺ
1479 1577 1822 1645 κληρονόμος

124 1666 439 1735 χρημάτων;
479 1664 580 1718 οὐκ
620 1666 764 1727 εἰκὸς
801 1667 966 1718 τοῦτό
996 1684 1074 1733 γε.
1114 1664 1215 1734 οὐχ
1248 1665 1424 1728 οὕτως
1457 1664 1563 1733 ἐγὼ
1596 1674 1823 1735 φρενῶν

124 1751 315 1822 ἐνδεὴς
363 1751 454 1807 καὶ
507 1761 605 1822 τῆς
665 1762 764 1823 σῆς
818 1754 1038 1823 φύσεως
1100 1753 1556 1823 ἀπολειπόμενος,
1618 1753 1738 1807 ἀλλ’
1792 1755 1822 1808 ὅ

124 1863 218 1910 μοι
259 1844 427 1910 δοκεῖ,
468 1842 573 1913 ε’ρῶ
612 1843 753 1912 πρὸς
782 1843 941 1911 ὑμᾶς,
980 1838 1023 1895 ὦ
1056 1843 1274 1912 ἄνδρες,
1312 1839 1486 1911 μηδὲν
1517 1842 1822 1906 ἐνδοιάσας.

127 1931 213 1985 58.
254 1932 338 1985 ὅτι
368 1928 470 1999 μὲν
508 1932 678 1998 οὑμὸς
707 1933 884 2001 πατὴρ
918 1927 1086 1994 αὖθις
1118 1934 1177 2002 ζῇ
1216 1932 1316 1985 τὸν
1346 1932 1618 1986 κίνδυνον
1655 1932 1822 2001 ὑπερ-
1847 1950 1866 1981 2

127 2021 301 2090 σχών,
366 2021 588 2091 σφόδρα
649 2019 913 2089 γέγηθεν·
978 2019 1062 2073 ὅτι
1126 2018 1187 2074 δὲ
1248 2019 1363 2087 μετ’
1431 2020 1823 2091 ἀναλωμάτων,

126 2107 277 2162 τοῦτ’
328 2109 475 2181 αὐτῷ
523 2109 843 2179 ὑφαιρεῖται
893 2116 988 2178 τῆς
1035 2110 1254 2178 ἡδονῆς.
1307 2108 1399 2162 καὶ
1445 2112 1589 2163 πολὺ
1635 2109 1822 2178 πλέον,

128 2199 201 2260 ὥς
248 2212 445 2266 φησιν,
485 2197 518 2266 ἡ
559 2198 694 2267 μετὰ
732 2198 980 2266 δαπάνης
1017 2198 1247 2267 θράττει
1287 2200 1391 2268 ζωὴ
1439 2200 1692 2252 θανάτου
1738 2219 1825 2252 κε-

129 2285 476 2356 χωρισμένου
507 2287 794 2340 τοιούτων.
833 2286 979 2340 εἴποι
1011 2285 1061 2339 δ’
1099 2288 1169 2340 ἄν
1199 2306 1283 2350 τις
1312 2288 1450 2357 πρὸς
1479 2288 1579 2341 τὸν
1615 2287 1824 2358 πατέρα

127 2375 446 2443 ὑπολαβών·
504 2370 546 2428 ὦ
591 2375 850 2445 χρηστέ,
904 2374 1012 2429 καὶ
1066 2378 1131 2430 τί
1166 2391 1269 2430 σοι
1324 2386 1450 2430 τῶν
1500 2376 1822 2447 μικρῶνῆ

126 2474 253 2517 τῶν
290 2465 610 2531 μειζόνων
649 2464 803 2532 ὅπερ
836 2466 914 2533 μὴ
948 2464 1404 2528 ἀναλώσαντες
1434 2463 1593 2534 μηδὲ
1625 2467 1825 2533 πονή-

128 2567 357 2615 σαντες
381 2552 546 2622 μηδέ
565 2573 625 2606 τι
647 2562 776 2606 τῶν
800 2558 1075 2607 οἴκοθεν
1100 2553 1548 2623 ἀποβαλόντες
1571 2556 1826 2623 ἅνθρω-

128 2660 238 2694 ποι
288 2643 612 2709 κτώμεθα;
667 2641 820 2712 ὁρᾷς
872 2643 1025 2705 τοὺς
1079 2645 1412 2713 γεωργοὺς
1466 2645 1533 2696 οἳ
1580 2641 1825 2712 θέρους

127 2728 232 2782 καὶ
265 2739 579 2799 χειμῶνος
621 2728 768 2800 περὶ
807 2730 919 2793 τὰς
957 2730 1244 2801 ἀρούρας
1282 2739 1632 2796 πονοῦσιν;
1669 2731 1824 2802 ὁρᾷς

250 2864 273 2903 ‘1
306 2867 398 2904 τῶν
430 2858 586 2916 νόμων
621 2861 665 2905 V
778 2864 804 2904 8
835 2860 1092 2917 τουράστου
1124 2863 1168 2906 L
1291 2867 1345 2906 16
1378 2863 1635 2918 μετουπολὺ
1668 2863 1711 2906 V

137 2922 193 2962 20
226 2918 371 2976 οὐμὸσ
394 2920 437 2963 L
448 2920 493 2963 V

1846 1061 1888 1092 10

1848 1505 1888 1536 15

1849 2394 1891 2426 25
