2014 3158
249 126 356 180 538
678 127 948 187 [LIBANII]
980 127 1371 173 DECLAMATIO
1405 128 1528 172 XLV

246 260 415 331 πέρας
453 271 569 325 τοῖς
607 261 871 332 ἀτυχοῦσι
910 264 1012 332 τὴν
1050 264 1278 317 πλείονα
1323 265 1538 317 τούτων
1583 272 1776 334 ψῆφον
1821 284 1944 319 ποι-

248 352 452 418 ώμεθα.

362 440 444 491 17.
492 438 627 493 Ἀλλ’
683 439 907 509 ἐροῦσιν
964 440 1155 511 ἕτερον
1213 441 1387 505 εὐθὺς
1441 443 1943 507 κατασκευάσαντες

247 528 417 602 λόγον
466 529 540 592 ὡς
592 532 878 593 πολλοὺς
931 528 1058 583 τῶν
1111 529 1558 584 ἐνοικούντων
1611 535 1942 601 πονηροὺς

201 618 561 685 εγενέσθαι
600 618 1113 688 προξενήσομεν,
1162 621 1215 672 εἰ
1262 627 1465 673 ταῦτα
1502 620 1713 692 τούτῳ
1762 641 1943 690 χαρι-

156 710 278 755 RIV
294 715 380 755 509
429 708 694 775 σόμεθα.
733 705 776 759 ὣ
815 706 1129 776 παραδόξου
1169 709 1340 777 λόγου
1379 706 1472 761 καὶ
1506 706 1513 779 Ι
1547 717 1793 778 πονηρᾶς
1832 708 1943 763 ἐπι-

246 798 402 857 νοιάς
453 793 590 867 κατ’Α
632 795 764 863 ἐμοῦ
818 795 985 849 πάλιν
1039 795 1129 850 καὶ
1183 796 1375 867 τέχνης
1429 796 1520 851 καὶ
1583 800 1941 868 σοφίσματος,

247 885 522 953 ἄνθρωπε.
569 887 642 953 μὴ
682 886 786 955 γὰρ
827 887 1043 955 δωρεὰν
1091 887 1222 939 αἰτῶ
1263 888 1396 955 μετὰ
1435 888 1538 956 τὴν
1577 888 1942 956 κατάγνωσιν,

245 975 317 1042 μὴ
359 975 462 1044 γὰρ
501 975 862 1043 πανηγύρεως
907 974 1152 1044 μετέχειν
1199 975 1329 1039 άξιῶ
1376 977 1510 1043 μετὰ
1555 977 1654 1029 τὸν
1698 973 1942 1046 ἔλεγχον,

181 1084 221 1116 ιο
247 1063 341 1115 ἵνα
370 1063 460 1116 καὶ
499 1066 740 1126 πολλοὺς
772 1066 1050 1134 πονηροὺς
1081 1061 1223 1121 ,εἶναι
1262 1067 1622 1133 συμβήσεται;
1661 1069 1942 1136 τιμωρίαν,

246 1153 311 1205 οὐ
345 1153 563 1220 δωρεὰν
594 1155 744 1221 αἰτῶ,
777 1155 981 1222 φυγήν,
1015 1153 1080 1206 οὐ
1113 1155 1443 1223 πανήγυριν.
1489 1154 1572 1206 18.
1605 1154 1825 1222 ἀγνοεῖς
1857 1155 1941 1208 ὅτι

244 1246 470 1304 πολλοῖς
508 1243 540 1311 ἡ
582 1244 733 1311 φυγὴ
780 1243 1045 1304 πολλάκις
1091 1241 1343 1296 θανάτου
1391 1242 1739 1313 χαλεπωτέρα
1789 1245 1942 1310 νομί-

247 1334 411 1396 ζεται;
451 1331 479 1385 ὁ
519 1332 620 1401 μὲν
659 1334 763 1403 γὰρ
805 1333 862 1386 ἐκ
899 1333 1291 1400 καταγνώσεως
1334 1332 1641 1386 ἀποθανὼν
1679 1334 1942 1395 πολλάκις

244 1419 350 1472 κάν
389 1422 565 1491 οἰκείᾳ
609 1429 674 1491 τῇ
722 1429 791 1492 γῇ
838 1422 1157 1491 κρύπτεται,
1205 1420 1233 1474 ὁ
1276 1421 1337 1474 δὲ
1376 1419 1458 1474 ἐπ’
1506 1419 1731 1490 ἐρημίας
1776 1428 1940 1475 τοῦτο

180 1528 220 1561 15
246 1510 447 1562 παθὼν
492 1518 592 1562 τοῦ
638 1513 902 1573 πεσόντος
950 1509 1010 1563 ἐν
1057 1512 1233 1581 οἰκείᾳ
1277 1518 1342 1580 τῇ
1386 1518 1455 1580 γῇ
1496 1509 1940 1579 δυστυχέστερος.

245 1598 383 1650 ὥστε
421 1607 621 1666 μικροῦ
661 1600 961 1662 λανθάνεις
1000 1600 1132 1668 ἡμῖν
1170 1600 1261 1652 καὶ
1305 1599 1702 1667 συνιστάμενος
1742 1597 1813 1652 δι’
1861 1595 1941 1652 ὧν

246 1686 508 1754 βλάπτειν
548 1686 891 1751 ἐσπούδακας

360 1776 442 1829 19.
498 1777 701 1830 Βούλει
755 1792 845 1830 σοι
907 1775 1066 1840 δείξω
1128 1779 1364 1846 πηλίκην
1426 1778 1557 1830 αἰτῶ
1621 1779 1938 1847 συμφοράν;

244 1874 466 1934 πρῶτον
509 1863 611 1932 μὲν
659 1868 825 1935 ἱερῶν
869 1864 960 1919 καὶ
1008 1865 1204 1934 γένους
1258 1867 1506 1934 σχίζομαι
1559 1864 1651 1918 καὶ
1697 1867 1934 1934 πατρίδα

178 1972 220 2005 20
245 1955 451 2022 ταύτην
505 1954 572 2008 ἐῶ
628 1956 716 2007 καὶ
771 1954 982 2024 τάφους
1042 1956 1335 2025 προγόνων
1388 1953 1479 2006 καὶ
1541 1956 1792 2023 μνήματα
1846 1954 1936 2007 καὶ

247 2042 412 2106 δόξαν
457 2043 710 2113 πατέρων
755 2042 846 2096 καὶ
894 2045 1213 2112 διηγήματα.
1269 2042 1452 2095 οὐκέτι
1504 2052 1619 2106 τοῖς
1665 2041 1938 2114 πατρῴοις

245 2136 422 2199 θεοῖς,
471 2132 607 2185 ἀλλὰ
655 2135 875 2201 δαίμοσι
927 2132 1103 2196 ξένοις
1151 2131 1242 2185 καὶ
1281 2133 1511 2195 πλάνοις
1549 2133 1935 2201 προσεύξομαι.

365 2311 390 2350 3
424 2305 663 2358 ἀντίθεσις
694 2308 968 2366 στοχαστική
995 2309 1143 2352 Mrubr
1268 2312 1322 2352 18
1354 2305 1602 2363 πηλικότης
1627 2309 1777 2351 Mrubr

364 2476 388 2513 5
422 2468 737 2529 χαρισαίμεθα
761 2472 806 2514 Β
930 2476 952 2515 ‘1
987 2472 1195 2524 σώματος
1221 2473 1289 2516 Va
1410 2475 1435 2513 9
1468 2470 1528 2526 μὴ
1561 2469 1648 2527 γὰρ
1682 2469 1846 2525 scripsi
1878 2482 1934 2512 ex

177 2557 179 2561 -
245 2530 534 2575 AthMaGlB
617 2530 697 2573 καὶ
729 2530 836 2574 PM
843 2532 909 2575 Va
949 2531 1040 2574 edd
1079 2531 1161 2574 sed
1201 2529 1290 2586 ,,μὴ
1331 2529 1417 2586 γὰρ
1461 2529 1712 2587 eleyantius
1750 2530 1802 2572 in
1839 2530 1932 2573 alio

245 2589 416 2645 Reyio“
443 2589 542 2632 Mor
564 2588 660 2632 Not
686 2589 692 2644 Ι
721 2589 832 2641 ἀξιῶ
858 2589 1060 2646 μετέχειν
1086 2591 1131 2633 Β
1254 2593 1308 2632 10
1341 2606 1420 2632 ινα
1450 2589 1498 2632 in
1531 2588 1604 2631 lac
1631 2593 1655 2631 3
1681 2587 1759 2631 litt
1787 2602 1862 2631 om
1886 2589 1932 2631 B

249 2646 252 2705 Ι
288 2649 484 2698 πολλοὺς
516 2663 590 2692 om
615 2650 660 2692 P
684 2650 690 2704 Ι
719 2645 841 2691 εἶναι
874 2649 1109 2705 πονηροὺς
1135 2650 1197 2693 M
1203 2649 1271 2693 Va
1298 2650 1303 2704 Ι
1333 2649 1479 2705 συμβῇ
1505 2649 1599 2691 Ath
1738 2651 1790 2689 12
1822 2649 1930 2689 πολ-

243 2708 340 2756 λοῖς
363 2721 437 2750 om
465 2706 609 2751 Man
635 2709 640 2760 Ι
667 2707 886 2758 πολλάκις
909 2722 984 2751 om
1010 2708 1296 2753 AthMaC'lB
1308 2708 1377 2751 Va
1501 2711 1554 2749 14
1585 2706 1675 2749 κάν
1707 2705 1872 2761 scripsi

243 2765 333 2809 κάν
364 2767 414 2810 ἐν
440 2768 590 2810 ΡΜΒ
620 2766 690 2810 Re
765 2764 854 2810 κᾶν
879 2767 1120 2810 AthMaOl
1130 2767 1198 2810 Va
1229 2767 1338 2810 Fen¹
1369 2765 1472 2809 Mor
1541 2766 1632 2809 κάν
1664 2764 1739 2807 vel
1769 2764 1851 2807 καὶ
1881 2764 1930 2807 ἐν

244 2825 348 2867 coni
369 2824 526 2868 Gasda
553 2828 559 2880 Ι
588 2822 634 2868 δ’
654 2826 943 2870 AthMaOlB
1065 2830 1119 2869 15
1152 2823 1504 2881 δυσχερέστερος
1523 2824 1573 2868 ΟΖ
1635 2821 1933 2881 δυσχερέστος

246 2883 335 2927 Μα
448 2889 501 2927 16
526 2883 813 2937 λανθάνειν,
819 2885 953 2937 ,alius
969 2885 1168 2941 Reyius“
1186 2884 1305 2940 (Mor
1320 2883 1431 2939 Not)
1553 2886 1608 2926 20
1634 2882 1721 2937 ἐρῶ
1739 2883 1786 2926 Ρ
1806 2881 1888 2924 sed
1905 2898 1930 2935 ρ

243 2941 334 2995 del,
355 2943 416 2985 M
424 2943 492 2986 Va
611 2948 666 2986 22
691 2942 886 2992 πλάνοις
915 2943 996 2986 καὶ
1028 2942 1176 2995 ξένοις
1209 2944 1277 2987 Va
1304 2945 1310 2999 Ι
1337 2941 1532 2992 πλάνοις
1563 2940 1727 2996 scripsi
1751 2954 1776 2983 θ
1803 2941 1871 2984 Va
