2014 3158
553 100 689 145 FILII
721 98 1006 144 ABDICATI
1034 98 1332 143 DEFENSIO
1692 97 1800 151 567

108 239 302 290 τοίνυν
333 235 618 306 ἐρήσομαι·
660 237 768 289 διὰ
805 237 869 288 τί
905 236 972 288 τὸ
1005 244 1321 303 γεωργεῖν
1361 235 1478 288 οὐκ
1517 234 1801 304 ἀδίκημα

108 325 265 379 οὐδέ
315 345 385 394 γε
437 326 506 379 τὸ
561 326 1038 378 ναυτίλλεσθαι
1093 323 1196 376 καὶ
1246 328 1648 393 φιλοσοφεῖν
1693 322 1799 376 καὶ

105 415 602 479 πολιτεύεσθαι;
656 425 761 477 πᾶς
815 413 884 466 ἂν
939 413 1082 466 εἴποι
1123 413 1437 481 δήπουθεν,
1489 413 1573 466 ὅτι
1625 410 1800 482 μηδὲν

104 505 318 558 τούτων
372 503 433 558 ἐν
485 513 600 567 τοῖς
649 504 864 572 κυρίοις
916 502 1203 571 ἀπείρηται
1256 504 1461 572 νόμοις.
1520 501 1548 555 ὃ
1603 505 1799 555 τοίνυν

104 593 331 647 ἐκείνων
382 593 614 647 ἕκαστον
666 590 1055 662 ἠλευθέρωσεν
1110 591 1308 659 αἰτίας,
1359 591 1535 662 τούτῳ
1588 591 1680 643 καὶ
1733 591 1795 643 τὸ
1844 613 1863 645 5

103 683 201 735 τὸν
240 683 419 751 γάμον
458 681 800 750 ἀποφεύγειν
831 680 1154 733 ἀνεύθυνον
1185 681 1408 747 γίνεται.
1451 681 1498 732 εἰ
1530 680 1635 749 γὰρ
1669 682 1799 742 τοὺς

101 768 203 837 μὲν
241 773 448 840 νόμους
492 771 928 839 παραβαίνοντες
970 766 1040 821 δι’
1090 769 1224 821 αὐτὸ
1271 776 1435 822 τοῦτο
1483 769 1646 838 δίκην
1690 769 1798 838 ὑφ-

101 858 316 928 έξομεν,
357 859 390 912 ἃ
430 858 477 911 δ’
525 857 698 922 ἔξεστι
739 859 976 928 δρῶντες
1021 857 1196 926 μηδὲν
1241 853 1407 925 ἧττον
1452 861 1797 926 κολασθησό-

99 954 270 1018 μεθα,
324 948 527 1017 ταχέως
579 949 682 1016 τὴν
734 949 898 1000 πόλιν
943 945 1004 999 ἐκ
1050 948 1418 1016 δικαστηρίων
1468 947 1794 1016 κενώσομεν.

100 1038 185 1090 31.
226 1036 344 1090 ἀλλ’
390 1037 518 1090 οὔτε
557 1036 772 1104 ἐγένετο
811 1037 976 1089 τοῦτό
1015 1053 1098 1088 πω
1138 1037 1411 1105 πρότερον
1448 1043 1556 1088 νῦν
1594 1055 1652 1088 τε
1692 1036 1794 1089 οὐκ
1820 1059 1861 1090 ιο

97 1126 167 1179 ἂν
213 1127 435 1188 εἰκότως
485 1125 660 1195 ἀρχὴν
708 1125 882 1193 λάβοι.
938 1122 1055 1177 ἀλλ’
1110 1119 1274 1187 οὗτος
1326 1125 1514 1177 κανὼν
1567 1126 1796 1194 κρίσεως

96 1216 340 1285 ἄριστος·
379 1214 408 1268 ὁ
440 1215 543 1284 μὲν
572 1214 817 1283 ὑπερβὰς
848 1216 1022 1281 νόμον
1055 1214 1390 1283 ζημιούσθω,
1431 1212 1460 1266 ὁ
1493 1210 1555 1266 δὲ
1585 1213 1795 1283 μηδένα

95 1304 392 1373 κεκινηκὼς
438 1303 812 1372 ἀποφευγέτω.
867 1305 951 1366 τίς
994 1305 1192 1356 τοίνυν
1230 1299 1322 1355 ὑπ’
1370 1301 1503 1370 ἐμοῦ
1552 1304 1624 1371 μὴ
1662 1306 1793 1372 βου-

94 1391 329 1462 λομένου
391 1401 588 1462 γαμεῖν
647 1402 760 1446 τῶν
813 1395 1002 1460 νόμων
1059 1393 1531 1461 ὑπερπεπήδηταις
1594 1393 1792 1456 οὐδείς.

94 1481 300 1553 ἑκάστῳ
342 1482 465 1550 γάρ,
506 1477 674 1550 οἶμαι,
713 1490 825 1534 τῶν
864 1485 1106 1534 πολιτῶν
1147 1481 1208 1534 ἐν
1246 1490 1364 1544 τοῖς
1399 1481 1670 1543 τοιούτοις
1701 1484 1791 1534 νό-
1816 1504 1857 1536 15

93 1590 195 1639 μος
233 1572 443 1638 γίνεται
482 1571 544 1623 τὸ
575 1571 841 1639 βούλημα.
882 1570 968 1623 32.
1004 1568 1010 1640 1
1048 1569 1289 1639 ἐγάμουν
1321 1571 1612 1639 πρότερον,
1657 1575 1775 1619 RrV
1794 1581 1879 1620 649

94 1655 136 1711 ὦ
175 1659 371 1728 πάτερ,
419 1657 728 1727 ἐβουλόμην
775 1658 895 1728 γάρ.
942 1666 1050 1711 νῦν
1097 1660 1198 1712 οὐκ
1246 1656 1436 1711 ἐθέλω.
1488 1657 1579 1712 καὶ
1625 1667 1789 1713 τοῦτο

0 1798 4 1800 ,
91 1745 314 1812 ἔξεστιν.
356 1748 539 1815 ὥσπερ
580 1748 703 1816 γάρ,
744 1744 912 1817 οἶμαι,
951 1748 1043 1800 καὶ
1081 1746 1199 1816 τρὶς
1230 1747 1321 1800 καὶ
1342 1748 1616 1811 πολλάκις
1646 1748 1789 1817 ἐφεῖ-

90 1856 180 1890 ται
218 1846 415 1906 γαμεῖν
452 1835 543 1889 καὶ
581 1837 835 1906 περιττὸς
867 1837 895 1890 ὁ
930 1837 1244 1904 διαβάλλων
1275 1836 1522 1890 ἐνταῦθα
1560 1839 1621 1890 τὸ
1653 1841 1787 1907 πλῆ-

206 2033 234 2071 4
267 2027 514 2084 ἐνθύμημα
546 2026 659 2083 μετὰ
684 2025 902 2084 ἐργασίας
924 2029 1020 2072 Ath
1037 2028 1076 2074 G
1096 2028 1229 2083 Wolf
1343 2033 1398 2071 14
1430 2025 1676 2084 ἀντίληψις
1693 2029 1787 2072 Ath

93 2087 131 2131 0
159 2087 286 2141 Wolf
347 2084 620 2143 ἐπιχείρημα
652 2087 745 2131 ἀπὸ
769 2093 852 2131 τοῦ
876 2086 1149 2145 πράγματος
1172 2086 1267 2131 add
1291 2088 1385 2132 Ath
1508 2092 1560 2131 17
1595 2087 1786 2144 ἐργασία

88 2146 183 2190 ἀπὸ
214 2153 298 2190 τοῦ
330 2145 546 2190 ἐναντίου
571 2147 666 2190 Ath
685 2146 722 2190 O
742 2147 876 2201 Wolf

210 2329 233 2366 1
267 2321 393 2366 διατί
417 2323 732 2368 HLiAthOzB
750 2324 811 2368 Va
843 2324 955 2368 Fert
1097 2329 1123 2367 2
1154 2322 1206 2370 τὸ
1239 2322 1569 2370 ναυτίλλεσθαι
1594 2325 1669 2368 La
1702 2325 1783 2368 sed

85 2382 139 2426 τὸ
170 2399 263 2426 ναυ
294 2396 320 2426 e
350 2382 433 2425 τὸν
473 2395 575 2426 con·
597 2396 634 2439 p
790 2388 816 2425 3
858 2382 966 2440 εἴπη
992 2385 1112 2429 ΗΙᾹ
1158 2386 1165 2440 Ι
1215 2382 1360 2440 μηδὲν
1385 2384 1460 2427 La
1500 2383 1582 2427 sed
1622 2400 1649 2426 ν
1690 2383 1783 2426 add

81 2455 118 2497 p
238 2445 264 2484 5
298 2441 494 2497 ἑκάστην
528 2442 598 2498 V!
626 2439 784 2486 αἰτίαν
817 2443 887 2498 Vl
913 2441 966 2488 τὸ
989 2457 1066 2486 om
1091 2443 1202 2487 Ferr
1323 2447 1348 2486 6
1379 2442 1586 2499 γίγνεται
1613 2442 1665 2487 ΟΖ

90 2504 114 2542 ’1
148 2500 311 2544 διαυτὸ
340 2501 391 2546 Ol
535 2504 560 2543 8
594 2500 623 2544 ἅ
657 2498 702 2544 δ’
732 2502 852 2546 HLi
910 2501 941 2545 ἃ
973 2503 1024 2546 δὲ
1050 2503 1401 2548 MAthMaClB
1414 2502 1482 2546 Va
1513 2501 1605 2546 edd
1655 2504 1661 2556 Ι
1711 2500 1776 2546 δι’

88 2559 202 2603 αὐτὸ
234 2567 369 2603 τοῦτο
397 2560 486 2603 Μα
525 2559 605 2603 sed
646 2560 791 2616 μηδὲν
831 2556 968 2615 ἧττον
1004 2562 1054 2604 in
1085 2575 1219 2619 marg
1250 2562 1321 2604 m'
1368 2564 1375 2617 1
1425 2561 1540 2618 μηδὲ
1565 2561 1641 2604 La

89 2621 115 2661 9
148 2619 199 2662 ἐκ
231 2632 305 2662 om
332 2619 377 2661 B
500 2622 555 2662 10
586 2633 658 2662 πω
690 2619 735 2662 V
758 2619 841 2663 sed
873 2636 929 2664 ov
961 2634 1103 2677 supra
1127 2638 1161 2665 ω
1186 2621 1256 2663 m²
1315 2636 1408 2664 που
1432 2621 1526 2664 Ath
1586 2634 1672 2675 περ
1692 2622 1781 2665 Μα

88 2677 171 2720 sed
198 2693 270 2721 πω
303 2690 520 2733 suprascr
549 2677 632 2731 m',
659 2678 713 2723 ΟΖ
772 2692 847 2722 om
871 2680 937 2724 Li
1058 2685 1111 2723 12
1144 2679 1289 2736 μηδὲν
1307 2679 1432 2723 BVa
1554 2683 1609 2721 14
1640 2680 1780 2733 ὑπερ-

86 2734 278 2793 βήσεται
300 2738 365 2781 ΙΛ·
390 2739 396 2791 Ι
425 2734 580 2786 οὐδείς
608 2736 736 2780 inser
759 2737 872 2782 Μετ’
931 2752 1007 2782 om
1034 2739 1087 2784 ΟΖ
1207 2743 1262 2781 15
1294 2736 1435 2793 νόμος
1467 2751 1542 2781 om
1575 2738 1643 2781 Va
1703 2737 1780 2783 νό-

86 2810 190 2850 μοις
213 2795 289 2838 La
320 2796 430 2839 Ferr
558 2800 612 2839 16
644 2793 851 2852 γίγνεται
873 2798 1099 2843 LaMaol
1129 2797 1220 2841 edd
1354 2801 1407 2840 17
1440 2794 1704 2855 ἠβουλόμην
1727 2798 1784 2841 Η

94 2854 244 2898 VLiB
276 2854 368 2898 edd
402 2856 409 2910 Ι
447 2854 527 2898 καὶ
559 2868 635 2898 om
660 2855 808 2900 MaOz
928 2861 982 2900 18
1014 2864 1135 2912 τρεῖς
1160 2858 1217 2901 Η
1253 2861 1258 2913 3
1299 2855 1478 2911 ἐφεῖται
1502 2856 1578 2899 La
1610 2855 1692 2900 sed
1723 2870 1779 2901 ex

87 2910 269 2968 ἔφειται
299 2927 400 2957 corr
425 2927 460 2969 p
