2014 3158
721 128 875 174 MAGI
906 129 1178 174 REPULSA
1685 129 1793 182 375

106 265 230 330 ἑνὸς
267 267 469 320 τούτου
508 268 885 336 μισθοφόρου,
935 264 995 328 ὃς
1035 259 1118 328 οἷς
1155 266 1260 334 ἤδη
1301 268 1541 328 πολλοὺς
1578 268 1794 334 περιβε-

105 357 293 424 βλήκει
342 363 529 418 κακοῖς
573 354 789 418 τούτοις
834 351 925 407 καὶ
971 354 1072 422 τὴν
1117 361 1218 407 τοῦ
1265 355 1337 423 μὴ
1385 355 1582 408 δοῦναι
1634 355 1795 423 δίκην

105 445 297 497 ἄδειαν
343 444 744 513 παρεσκεύαζεν
797 443 959 514 αὑτῷ.
1016 441 1044 496 ὁ
1093 443 1197 513 γὰρ
1253 443 1658 510 αἰσθανόμενος
1704 443 1793 496 καὶ

105 535 317 602 κρίνειν
371 533 679 601 δυνάμενος
731 531 878 605 αὑτῷ
925 527 1159 602 παρῄνει
1215 540 1378 600 σιγᾶν
1432 533 1505 595 ὡς
1566 532 1666 586 οὐκ
1727 533 1795 586 ὃν

105 618 346 691 ἀσφαλὲς
399 623 578 692 ἄνδρα
629 619 962 690 παροξύνειν
1022 620 1130 673 ἀπὸ
1195 621 1452 690 σημάτων
1515 622 1794 690 ἰσχύοντα,
1841 643 1860 676 ⁶

104 710 220 765 ἐπεὶ
259 712 349 765 καὶ
388 712 554 774 αὐτὸς
592 718 699 764 νῦν
747 706 872 764 οἶδα
921 709 1025 779 μὲν
1062 709 1096 763 ἃ
1135 712 1416 779 πείσομαι,
1462 711 1564 779 τὴν
1602 711 1796 779 κοινὴν

105 797 165 854 δὲ
206 801 483 871 σωτηρίαν
519 801 626 870 πρὸ
667 806 762 868 τῆς
808 797 1046 869 ἐμαυτοῦ
1094 797 1383 868 τιθέμενος
1430 797 1678 868 ἀνέστην.
1719 806 1795 871 τῷ

104 887 164 942 δὲ
220 889 286 942 οὐ
341 897 504 942 τοῦτο
560 889 959 958 συνηγωνίζετο
1013 890 1214 957 μόνον,
1268 888 1408 942 ἀλλὰ
1460 887 1550 941 καὶ
1598 889 1656 942 οί
1701 889 1796 951 τὰς

103 980 271 1042 καλὰς
310 978 457 1050 αὐτῷ
496 978 697 1040 ταύτας
735 976 1055 1046 ὀφείλοντες
1090 977 1312 1047 χάριτας
1342 987 1455 1030 πᾶν
1486 973 1628 1046 ἦσαν
1659 977 1795 1032 ἕτοι-

103 1089 195 1137 μοι
235 1067 323 1120 καὶ
362 1075 543 1127 ποιεῖν
581 1067 671 1120 καὶ
709 1067 943 1136 πάσχειν
987 1064 1127 1136 ὑπὲρ
1177 1067 1366 1120 αὐτοῦ.
1422 1065 1581 1136 ὁρᾶτε
1621 1066 1684 1120 δὲ
1722 1067 1794 1129 ὡς
1820 1088 1862 1122 ιο

102 1155 191 1209 καὶ
231 1164 338 1210 νῦν
377 1156 546 1210 οὐδὲν
584 1155 829 1209 ὀκνοῦσι.

214 1246 262 1299 9.
310 1249 491 1299 Ταῦτα
530 1245 764 1315 ὁρῶντες
803 1246 858 1299 οἱ
897 1245 1022 1299 θεοὶ
1061 1243 1151 1298 καὶ
1198 1252 1490 1315 μισοῦντες
1536 1243 1627 1299 καὶ
1666 1248 1792 1310 τοὺς

101 1335 276 1407 τούτῳ
324 1337 718 1404 περιπεσόντας
765 1333 1047 1398 ἐλεοῦντες
1094 1336 1194 1404 τὴν
1241 1334 1415 1404 ὀργὴν
1464 1333 1550 1388 ἐπὶ
1590 1334 1797 1398 πάντας

102 1423 338 1494 ἀφῆκαν,
380 1422 408 1476 ὃ
449 1428 728 1493 πολλαχοῦ
762 1423 1047 1494 γεγένηται
1078 1424 1355 1487 πολλάκις.
1395 1431 1560 1477 τοῦτο
1593 1420 1654 1476 δὲ
1688 1424 1797 1494 ἄρα

105 1513 237 1567 οὐδὲ
275 1515 405 1576 τοὺς
443 1515 735 1582 γενναίους
773 1514 1001 1583 ποιητὰς
1042 1512 1375 1579 ἐλάνθανεν,
1427 1510 1544 1566 ἀλλ’
1591 1514 1797 1576 εἰδότες
1822 1533 1863 1567 ιε

106 1601 325 1673 ᾄδουσι·

252 1691 527 1745 πολλάκι
573 1691 677 1744 καὶ
725 1691 1022 1760 ξύμπασα
1066 1692 1255 1754 πόλις
1301 1699 1504 1744 κακοῦ
1557 1690 1798 1761 ἀνδρὸς

1525 1779 1797 1851 ἀπηύρα.

105 1876 270 1923 τοῦτο
308 1872 500 1923 πόλεσι
540 1868 790 1938 διέστησε
828 1878 951 1939 γῆν,
990 1877 1154 1923 τοῦτο
1193 1868 1475 1923 θάλατταν
1515 1867 1797 1939 ἐπήνεγκε,

104 1956 250 2012 τοῦτ’
305 1960 517 2028 ὄμβρον
562 1956 663 2023 ἔξω
718 1967 817 2012 τοῦ
865 1960 1115 2029 μετρίου,
1169 1966 1334 2012 τοῦτο
1392 1960 1576 2027 λιμόν,
1625 1957 1798 2011 τοῦθ’
1821 1980 1866 2012 20

105 2047 238 2116 ὅπερ
274 2045 280 2118 Ι
314 2046 461 2116 ἡμῖν.
505 2048 587 2101 10.
627 2047 764 2102 ἀλλὰ
803 2045 928 2119 παρ’
977 2041 1057 2100 ὧν
1093 2048 1155 2101 τὸ
1194 2055 1432 2118 τραῦμα,
1471 2048 1619 2118 παρὰ
1664 2052 1884 2097 RIV727

105 2138 317 2190 τούτων
356 2135 446 2189 καὶ
485 2138 517 2206 ἡ
548 2139 795 2206 βοήθεια.
838 2135 1024 2207 ἐπειδὴ
1063 2138 1168 2206 γὰρ
1207 2138 1403 2192 πολλοὶ
1433 2138 1535 2206 μὲν
1575 2137 1798 2206 ἐτεθνή-

105 2240 273 2279 κεσαν
316 2226 449 2294 ἤδη,
495 2227 561 2279 τὰ
609 2223 669 2279 δὲ
715 2236 827 2279 τῶν
876 2228 1078 2297 ἰατρῶν
1124 2222 1194 2295 ἦν
1241 2225 1432 2295 οὐδέν,
1483 2227 1706 2296 εἴδομεν
1744 2219 1804 2279 οἷ

227 2391 279 2431 17
313 2386 418 2432 Hes.
453 2402 527 2445 op.
555 2392 654 2432 240.
688 2387 744 2431 cf.
779 2386 880 2431 t.11
906 2392 1005 2442 180,
1022 2393 1071 2444 4;
1105 2392 1176 2443 99,
1195 2392 1220 2431 6
1358 2392 1414 2431 23
1446 2387 1589 2432 Thuo.
1615 2387 1658 2431 H
1682 2391 1798 2442 47‚3

225 2541 250 2580 2
283 2535 368 2592 τὴν
400 2550 475 2580 om
508 2535 609 2580 Mor
729 2540 754 2578 3
789 2536 912 2596 αὐτῷ
935 2537 1023 2582 ΡΒ
1085 2535 1235 2597 ἑαυτῷ
1267 2537 1431 2582 ΡανΜ
1548 2541 1575 2580 4
1608 2536 1731 2594 αὐτῷ
1757 2537 1803 2580 Ρ

107 2596 364 2640 ΡανΜοεΒ
395 2595 486 2639 edd
520 2596 527 2653 Ι
570 2601 707 2639 νικᾶν
732 2596 832 2639 Par
868 2597 879 2652 Ι
914 2592 975 2639 ἂν
1007 2595 1108 2639 Mor
1229 2601 1255 2640 5
1289 2594 1562 2652 νοσημάτων
1586 2596 1686 2639 Par
1704 2580 1799 2639 sed

108 2670 162 2698 νο
192 2656 390 2726 antepos
422 2654 491 2698 m²
634 2658 659 2697 6
701 2654 841 2704 αὐτὸς
879 2668 955 2699 om
984 2655 1174 2699 PParB
1216 2657 1263 2698 et
1301 2671 1356 2711 γρ
1395 2654 1445 2698 in
1483 2668 1616 2711 marg
1653 2646 1755 2697 Mor
1790 2653 1795 2712 Ι

108 2709 203 2756 οἶδ’
233 2711 262 2756 ἃ
287 2715 332 2757 Ρ
451 2717 505 2757 10
538 2713 690 2770 uam)
715 2727 790 2757 om
809 2714 870 2758 M
893 2716 900 2770 Ι
926 2730 974 2758 τε
997 2716 1106 2770 post.
1129 2722 1282 2758 ποιεῖν
1302 2716 1362 2759 Μ
1385 2717 1390 2770 Ι
1419 2713 1563 2757 αὑτοῦ
1582 2713 1682 2756 Par

112 2777 163 2816 11
200 2773 279 2815 καὶ
310 2787 386 2816 om
411 2773 457 2816 B
604 2777 657 2815 14
690 2771 715 2816 ὁ
740 2773 785 2816 Ρ
856 2773 938 2816 καὶ
961 2774 1062 2819 Par
1120 2771 1149 2829 ἣ
1176 2775 1237 2818 Μ
1306 2771 1334 2828 ἢ
1366 2789 1422 2829 γρ
1452 2772 1501 2815 in
1534 2785 1666 2829 marg
1699 2771 1799 2814 Mor

231 2835 284 2874 17
316 2830 538 2881 πολλάκις
568 2830 679 2874 libri
711 2830 779 2874 Re
918 2836 975 2875 20
1008 2830 1208 2900 ὄμβρους
1230 2833 1331 2877 Par
1362 2831 1443 2875 sed
1475 2847 1557 2881 ους
1586 2830 1636 2874 in
1666 2829 1740 2874 lac
1772 2835 1798 2875 3

110 2889 183 2932 vel
214 2893 240 2932 4
265 2889 344 2934 litt
366 2889 436 2933 m²
461 2890 468 2948 Ι
497 2890 581 2943 ἔξω
613 2903 689 2933 om
714 2891 813 2934 Par
838 2891 846 2946 Ι
873 2888 1006 2946 λιμόν
1030 2890 1196 2948 scripsi
1256 2889 1417 2947 λοιμόν
1449 2889 1558 2933 libri
1589 2889 1680 2933 edd

112 2953 167 2992 22
200 2949 279 2993 καὶ
310 2949 436 2993 inser
459 2949 504 2993 B
538 2952 545 3005 Ι
584 2947 893 3005 ἐτεθνήκασιν
918 2950 1126 2995 PParM
1242 2954 1296 2994 23
1329 2949 1379 2993 τὸ
1403 2950 1504 2994 Par
1528 2951 1537 3005 Ι
1564 2944 1593 3004 ἧ
1621 2949 1727 2997 Mos
