<?xml version="1.0" encoding="UTF-8"?>
<!DOCTYPE html PUBLIC "-//W3C//DTD XHTML 1.0 Transitional//EN"
    "http://www.w3.org/TR/xhtml1/DTD/xhtml1-transitional.dtd">
<html xmlns="http://www.w3.org/1999/xhtml" xml:lang="en" lang="en">
 <head>
  <title>
</title>
<meta http-equiv="Content-Type" content="text/html;charset=utf-8" />
  <meta name='ocr-system' content='tesseract 3.04.00' />
  <meta name='ocr-capabilities' content='ocr_page ocr_carea ocr_par ocr_line ocrx_word'/>
</head>
<body>
  <div class='ocr_page' id='page_1' title='image "./operarecensuitri07libauoft_0417.png"; bbox 0 0 2014 3158; ppageno 0'>
   <div class='ocr_carea' id='block_1_1' title="bbox 8 2391 42 3158">
    <p class='ocr_par' dir='ltr' id='par_1_1' title="bbox 8 2391 42 3158">
     <span class='ocr_line' id='line_1_1' title="bbox 8 2391 42 3158; baseline 0 0"><span class='ocrx_word' id='word_1_1' title='bbox 8 2391 42 3158; x_wconf 95' lang='lat' dir='ltr'><strong> </strong></span> 
     </span>
    </p>
   </div>
   <div class='ocr_carea' id='block_1_2' title="bbox 424 112 1770 166">
    <p class='ocr_par' dir='ltr' id='par_1_2' title="bbox 424 112 1770 166">
     <span class='ocr_line' id='line_1_2' title="bbox 424 112 1770 166; baseline 0.004 -5"><span class='ocrx_word' id='word_1_2' title='bbox 424 116 636 162; x_wconf 85' lang='lat' dir='ltr'><strong>PATRIS</strong></span> <span class='ocrx_word' id='word_1_3' title='bbox 667 115 1099 161; x_wconf 83' lang='lat' dir='ltr'>INFANTICIDAE</span> <span class='ocrx_word' id='word_1_4' title='bbox 1131 113 1429 159; x_wconf 83' lang='lat' dir='ltr'><strong>DEFENSIO</strong></span> <span class='ocrx_word' id='word_1_5' title='bbox 1662 112 1770 166; x_wconf 89' lang='grc'><strong>399</strong></span> 
     </span>
    </p>
   </div>
   <div class='ocr_carea' id='block_1_3' title="bbox 197 255 1774 320">
    <p class='ocr_par' dir='ltr' id='par_1_3' title="bbox 197 255 1774 320">
     <span class='ocr_line' id='line_1_3' title="bbox 197 255 1774 320; baseline -0.003 -14"><span class='ocrx_word' id='word_1_6' title='bbox 197 258 258 306; x_wconf 93' lang='lat' dir='ltr'><strong>In</strong></span> <span class='ocrx_word' id='word_1_7' title='bbox 289 257 572 307; x_wconf 86' lang='lat' dir='ltr'><strong>universum</strong></span> <span class='ocrx_word' id='word_1_8' title='bbox 604 258 802 320; x_wconf 90' lang='lat' dir='ltr'><strong>quidem</strong></span> <span class='ocrx_word' id='word_1_9' title='bbox 831 257 951 307; x_wconf 89' lang='lat' dir='ltr'><strong>fides</strong></span> <span class='ocrx_word' id='word_1_10' title='bbox 991 272 1088 318; x_wconf 91' lang='lat' dir='ltr'><strong>qua</strong></span> <span class='ocrx_word' id='word_1_11' title='bbox 1126 257 1337 318; x_wconf 89' lang='lat' dir='ltr'><strong>utraque</strong></span> <span class='ocrx_word' id='word_1_12' title='bbox 1380 255 1572 304; x_wconf 90' lang='lat' dir='ltr'><strong>familia</strong></span> <span class='ocrx_word' id='word_1_13' title='bbox 1605 255 1774 303; x_wconf 86' lang='lat' dir='ltr'><strong>arche-</strong></span> 
     </span>
    </p>
   </div>
   <div class='ocr_carea' id='block_1_4' title="bbox 7 330 1775 396">
    <p class='ocr_par' dir='ltr' id='par_1_4' title="bbox 7 330 1775 396">
     <span class='ocr_line' id='line_1_4' title="bbox 7 330 1775 396; baseline -0.002 -15"><span class='ocrx_word' id='word_1_14' title='bbox 7 332 11 341; x_wconf 83' lang='lat'>&#39;</span> <span class='ocrx_word' id='word_1_15' title='bbox 87 334 264 396; x_wconf 83' lang='lat' dir='ltr'><strong>typum</strong></span> <span class='ocrx_word' id='word_1_16' title='bbox 295 333 512 381; x_wconf 76' lang='lat' dir='ltr'>reddidit</span> <span class='ocrx_word' id='word_1_17' title='bbox 541 333 643 381; x_wconf 88' lang='lat' dir='ltr'><strong>fere</strong></span> <span class='ocrx_word' id='word_1_18' title='bbox 673 348 765 395; x_wconf 86' lang='lat' dir='ltr'><strong>par</strong></span> <span class='ocrx_word' id='word_1_19' title='bbox 795 333 883 380; x_wconf 91' lang='lat' dir='ltr'><strong>est.</strong></span> <span class='ocrx_word' id='word_1_20' title='bbox 943 330 1076 378; x_wconf 91' lang='lat' dir='ltr'><strong>Illud</strong></span> <span class='ocrx_word' id='word_1_21' title='bbox 1109 331 1298 379; x_wconf 89' lang='lat' dir='ltr'><strong>scholia</strong></span> <span class='ocrx_word' id='word_1_22' title='bbox 1334 330 1563 379; x_wconf 87' lang='lat' dir='ltr'><strong>habuisse</strong></span> <span class='ocrx_word' id='word_1_23' title='bbox 1596 346 1651 378; x_wconf 82' lang='lat' dir='ltr'><strong>ex</strong></span> <span class='ocrx_word' id='word_1_24' title='bbox 1682 330 1775 377; x_wconf 90' lang='lat' dir='ltr'><strong>hac</strong></span> 
     </span>
    </p>
   </div>
   <div class='ocr_carea' id='block_1_5' title="bbox 88 404 1792 1958">
    <p class='ocr_par' dir='ltr' id='par_1_5' title="bbox 88 404 1776 544">
     <span class='ocr_line' id='line_1_5' title="bbox 88 404 1776 469; baseline -0.002 -14"><span class='ocrx_word' id='word_1_25' title='bbox 88 423 142 455; x_wconf 91' lang='lat' dir='ltr'><strong>re</strong></span> <span class='ocrx_word' id='word_1_26' title='bbox 175 407 336 455; x_wconf 88' lang='lat' dir='ltr'><strong>elucet</strong></span> <span class='ocrx_word' id='word_1_27' title='bbox 368 407 497 469; x_wconf 92' lang='lat' dir='ltr'><strong>quod</strong></span> <span class='ocrx_word' id='word_1_28' title='bbox 528 407 658 454; x_wconf 87' lang='lat' dir='ltr'><strong>idem</strong></span> <span class='ocrx_word' id='word_1_29' title='bbox 690 406 932 455; x_wconf 90' lang='lat' dir='ltr'><strong>scholium</strong></span> <span class='ocrx_word' id='word_1_30' title='bbox 956 423 1003 469; x_wconf 89' lang='lat' dir='ltr'><strong>p.</strong></span> <span class='ocrx_word' id='word_1_31' title='bbox 1031 406 1153 467; x_wconf 90' lang='lat'>415,</span> <span class='ocrx_word' id='word_1_32' title='bbox 1173 407 1202 453; x_wconf 88' lang='lat'><strong>2</strong></span> <span class='ocrx_word' id='word_1_33' title='bbox 1228 405 1280 452; x_wconf 92' lang='lat' dir='ltr'><strong>in</strong></span> <span class='ocrx_word' id='word_1_34' title='bbox 1312 404 1562 454; x_wconf 84' lang='lat' dir='ltr'>codicibus</span> <span class='ocrx_word' id='word_1_35' title='bbox 1593 404 1776 452; x_wconf 87' lang='lat' dir='ltr'><strong>utrius-</strong></span> 
     </span>
     <span class='ocr_line' id='line_1_6' title="bbox 91 481 664 544; baseline -0.002 -15"><span class='ocrx_word' id='word_1_36' title='bbox 91 497 185 543; x_wconf 85' lang='lat' dir='ltr'><strong>que</strong></span> <span class='ocrx_word' id='word_1_37' title='bbox 217 482 437 530; x_wconf 87' lang='lat' dir='ltr'><strong>familiae</strong></span> <span class='ocrx_word' id='word_1_38' title='bbox 467 481 664 544; x_wconf 85' lang='lat' dir='ltr'><strong>legitur.</strong></span> 
     </span>
    </p>

    <p class='ocr_par' dir='ltr' id='par_1_6' title="bbox 91 552 1783 918">
     <span class='ocr_line' id='line_1_7' title="bbox 203 552 1776 618; baseline -0.003 -15"><span class='ocrx_word' id='word_1_39' title='bbox 203 555 273 603; x_wconf 93' lang='lat' dir='ltr'><strong>Ut</strong></span> <span class='ocrx_word' id='word_1_40' title='bbox 305 555 528 604; x_wconf 90' lang='lat' dir='ltr'><strong>codicum</strong></span> <span class='ocrx_word' id='word_1_41' title='bbox 558 554 632 603; x_wconf 88' lang='lat' dir='ltr'><strong>ita</strong></span> <span class='ocrx_word' id='word_1_42' title='bbox 654 554 1050 603; x_wconf 82' lang='lat' dir='ltr'><strong>testimoniorum</strong></span> <span class='ocrx_word' id='word_1_43' title='bbox 1073 569 1256 618; x_wconf 85' lang='lat' dir='ltr'><strong>magna</strong></span> <span class='ocrx_word' id='word_1_44' title='bbox 1288 556 1362 602; x_wconf 86' lang='lat' dir='ltr'><strong>est</strong></span> <span class='ocrx_word' id='word_1_45' title='bbox 1394 553 1549 615; x_wconf 86' lang='lat' dir='ltr'><strong>copia.</strong></span> <span class='ocrx_word' id='word_1_46' title='bbox 1593 552 1776 600; x_wconf 86' lang='lat' dir='ltr'><strong>Maxi-</strong></span> 
     </span>
     <span class='ocr_line' id='line_1_8' title="bbox 91 621 1779 693; baseline -0.001 -16"><span class='ocrx_word' id='word_1_47' title='bbox 91 645 215 677; x_wconf 87' lang='lat' dir='ltr'><strong>mus</strong></span> <span class='ocrx_word' id='word_1_48' title='bbox 262 629 390 677; x_wconf 87' lang='lat' dir='ltr'><strong>enim</strong></span> <span class='ocrx_word' id='word_1_49' title='bbox 429 628 726 677; x_wconf 89' lang='lat' dir='ltr'><strong>Planudes</strong></span> <span class='ocrx_word' id='word_1_50' title='bbox 772 628 824 676; x_wconf 92' lang='lat' dir='ltr'><strong>in</strong></span> <span class='ocrx_word' id='word_1_51' title='bbox 868 629 1108 691; x_wconf 81' lang='lat' dir='ltr'><strong>excerptis</strong></span> <span class='ocrx_word' id='word_1_52' title='bbox 1150 629 1330 677; x_wconf 90' lang='lat' dir='ltr'><strong>codicis</strong></span> <span class='ocrx_word' id='word_1_53' title='bbox 1370 627 1590 676; x_wconf 81' lang='lat' dir='ltr'><strong>Palatini</strong></span> <span class='ocrx_word' id='word_1_54' title='bbox 1600 621 1642 693; x_wconf 90' lang='lat' dir='ltr'><strong>l)</strong></span> <span class='ocrx_word' id='word_1_55' title='bbox 1681 642 1779 691; x_wconf 81' lang='lat' dir='ltr'><strong>sex,</strong></span> 
     </span>
     <span class='ocr_line' id='line_1_9' title="bbox 93 697 1783 770; baseline -0.001 -20"><span class='ocrx_word' id='word_1_56' title='bbox 93 703 388 752; x_wconf 83' lang='lat' dir='ltr'><strong>Macarius</strong></span> <span class='ocrx_word' id='word_1_57' title='bbox 414 697 1012 770; x_wconf 81' lang='lat' dir='ltr'><strong>Chrysocephalus2),</strong></span> <span class='ocrx_word' id='word_1_58' title='bbox 1036 705 1211 751; x_wconf 83' lang='lat' dir='ltr'><strong>auctor</strong></span> <span class='ocrx_word' id='word_1_59' title='bbox 1233 704 1573 764; x_wconf 84' lang='lat' dir='ltr'><strong>excerptorum</strong></span> <span class='ocrx_word' id='word_1_60' title='bbox 1597 701 1783 750; x_wconf 87' lang='lat' dir='ltr'><strong>codicis</strong></span> 
     </span>
     <span class='ocr_line' id='line_1_10' title="bbox 93 770 1782 844; baseline -0.001 -20"><span class='ocrx_word' id='word_1_61' title='bbox 93 776 488 839; x_wconf 82' lang='lat' dir='ltr'><strong>Neapolitani</strong></span> <span class='ocrx_word' id='word_1_62' title='bbox 525 776 578 825; x_wconf 93' lang='lat' dir='ltr'><strong>II</strong></span> <span class='ocrx_word' id='word_1_63' title='bbox 604 776 639 825; x_wconf 82' lang='lat' dir='ltr'>O</span> <span class='ocrx_word' id='word_1_64' title='bbox 667 770 815 844; x_wconf 72' lang='lat'>323),</span> <span class='ocrx_word' id='word_1_65' title='bbox 859 777 1126 826; x_wconf 88' lang='lat' dir='ltr'><strong>Andreas</strong></span> <span class='ocrx_word' id='word_1_66' title='bbox 1165 776 1503 839; x_wconf 85' lang='lat' dir='ltr'><strong>Lopadiota</strong></span> <span class='ocrx_word' id='word_1_67' title='bbox 1549 777 1638 839; x_wconf 91' lang='lat' dir='ltr'><strong>qui</strong></span> <span class='ocrx_word' id='word_1_68' title='bbox 1684 775 1782 822; x_wconf 88' lang='lat' dir='ltr'><strong>fuit</strong></span> 
     </span>
     <span class='ocr_line' id='line_1_11' title="bbox 94 845 1779 918; baseline -0.001 -20"><span class='ocrx_word' id='word_1_69' title='bbox 94 853 266 899; x_wconf 87' lang='lat' dir='ltr'><strong>auctor</strong></span> <span class='ocrx_word' id='word_1_70' title='bbox 306 851 489 899; x_wconf 83' lang='lat' dir='ltr'><strong>lexici</strong></span> <span class='ocrx_word' id='word_1_71' title='bbox 519 845 1059 918; x_wconf 79' lang='lat' dir='ltr'><strong>Vindobonensis4)</strong></span> <span class='ocrx_word' id='word_1_72' title='bbox 1091 851 1232 900; x_wconf 88' lang='lat' dir='ltr'><strong>binos</strong></span> <span class='ocrx_word' id='word_1_73' title='bbox 1271 850 1603 899; x_wconf 88' lang='lat' dir='ltr'><strong>laudaverunt</strong></span> <span class='ocrx_word' id='word_1_74' title='bbox 1633 851 1779 898; x_wconf 89' lang='lat' dir='ltr'><strong>locos.</strong></span> 
     </span>
    </p>

    <p class='ocr_par' dir='ltr' id='par_1_7' title="bbox 94 924 1792 1437">
     <span class='ocr_line' id='line_1_12' title="bbox 204 924 1781 989; baseline -0.001 -17"><span class='ocrx_word' id='word_1_75' title='bbox 204 924 512 974; x_wconf 87' lang='lat' dir='ltr'><strong>Declamatio</strong></span> <span class='ocrx_word' id='word_1_76' title='bbox 544 925 597 974; x_wconf 90' lang='lat' dir='ltr'><strong>in</strong></span> <span class='ocrx_word' id='word_1_77' title='bbox 627 927 788 974; x_wconf 90' lang='lat' dir='ltr'><strong>lucem</strong></span> <span class='ocrx_word' id='word_1_78' title='bbox 826 928 1081 989; x_wconf 85' lang='lat' dir='ltr'><strong>protracta</strong></span> <span class='ocrx_word' id='word_1_79' title='bbox 1120 930 1195 975; x_wconf 91' lang='lat' dir='ltr'><strong>est</strong></span> <span class='ocrx_word' id='word_1_80' title='bbox 1226 942 1355 974; x_wconf 88' lang='lat' dir='ltr'><strong>anno</strong></span> <span class='ocrx_word' id='word_1_81' title='bbox 1392 927 1531 974; x_wconf 87' lang='lat'><strong>1517</strong></span> <span class='ocrx_word' id='word_1_82' title='bbox 1567 924 1781 973; x_wconf 85' lang='lat' dir='ltr'><strong>editione</strong></span> 
     </span>
     <span class='ocr_line' id='line_1_13' title="bbox 94 993 1783 1067; baseline -0.001 -20"><span class='ocrx_word' id='word_1_83' title='bbox 94 999 468 1048; x_wconf 86' lang='lat' dir='ltr'><strong>Ferrariensi</strong></span> <span class='ocrx_word' id='word_1_84' title='bbox 494 993 588 1066; x_wconf 90' lang='lat'><strong>(=</strong></span> <span class='ocrx_word' id='word_1_85' title='bbox 606 994 750 1067; x_wconf 84' lang='lat' dir='ltr'><strong>Ferr)</strong></span> <span class='ocrx_word' id='word_1_86' title='bbox 773 1001 859 1049; x_wconf 88' lang='lat' dir='ltr'><strong>fol.</strong></span> <span class='ocrx_word' id='word_1_87' title='bbox 880 1002 1143 1050; x_wconf 60' lang='lat' dir='ltr'><strong>12V—201</strong></span> <span class='ocrx_word' id='word_1_88' title='bbox 1169 1016 1295 1063; x_wconf 89' lang='lat' dir='ltr'><strong>quae</strong></span> <span class='ocrx_word' id='word_1_89' title='bbox 1322 1017 1346 1047; x_wconf 89' lang='lat' dir='ltr'><strong>e</strong></span> <span class='ocrx_word' id='word_1_90' title='bbox 1372 1000 1538 1049; x_wconf 90' lang='lat' dir='ltr'><strong>codice</strong></span> <span class='ocrx_word' id='word_1_91' title='bbox 1561 999 1783 1047; x_wconf 88' lang='lat' dir='ltr'><strong>Wolfen-</strong></span> 
     </span>
     <span class='ocr_line' id='line_1_14' title="bbox 94 1067 1783 1141; baseline -0.001 -20"><span class='ocrx_word' id='word_1_92' title='bbox 94 1073 349 1123; x_wconf 86' lang='lat' dir='ltr'><strong>buttelano</strong></span> <span class='ocrx_word' id='word_1_93' title='bbox 373 1067 585 1141; x_wconf 83' lang='lat' dir='ltr'><strong>fluxit.⁵)</strong></span> <span class='ocrx_word' id='word_1_94' title='bbox 618 1074 781 1123; x_wconf 87' lang='lat' dir='ltr'><strong>Huius</strong></span> <span class='ocrx_word' id='word_1_95' title='bbox 812 1076 915 1123; x_wconf 87' lang='lat' dir='ltr'><strong>fere</strong></span> <span class='ocrx_word' id='word_1_96' title='bbox 939 1076 1153 1140; x_wconf 86' lang='lat' dir='ltr'><strong>vestigia</strong></span> <span class='ocrx_word' id='word_1_97' title='bbox 1183 1076 1366 1137; x_wconf 87' lang='lat' dir='ltr'><strong>pressit</strong></span> <span class='ocrx_word' id='word_1_98' title='bbox 1389 1073 1541 1123; x_wconf 87' lang='lat' dir='ltr'><strong>editio</strong></span> <span class='ocrx_word' id='word_1_99' title='bbox 1565 1073 1783 1122; x_wconf 87' lang='lat' dir='ltr'><strong>Morel-</strong></span> 
     </span>
     <span class='ocr_line' id='line_1_15' title="bbox 95 1148 1781 1213; baseline 0 -18"><span class='ocrx_word' id='word_1_100' title='bbox 95 1148 260 1196; x_wconf 88' lang='lat' dir='ltr'><strong>liana</strong></span> <span class='ocrx_word' id='word_1_101' title='bbox 300 1165 428 1197; x_wconf 87' lang='lat' dir='ltr'><strong>anno</strong></span> <span class='ocrx_word' id='word_1_102' title='bbox 464 1149 604 1198; x_wconf 89' lang='grc'>1606</span> <span class='ocrx_word' id='word_1_103' title='bbox 647 1149 779 1199; x_wconf 88' lang='lat' dir='ltr'><strong>foras</strong></span> <span class='ocrx_word' id='word_1_104' title='bbox 818 1151 970 1199; x_wconf 89' lang='lat' dir='ltr'><strong>missa</strong></span> <span class='ocrx_word' id='word_1_105' title='bbox 1008 1149 1114 1198; x_wconf 92' lang='lat' dir='ltr'><strong>Lib.</strong></span> <span class='ocrx_word' id='word_1_106' title='bbox 1148 1165 1260 1213; x_wconf 92' lang='lat' dir='ltr'><strong>opp.</strong></span> <span class='ocrx_word' id='word_1_107' title='bbox 1292 1151 1327 1197; x_wconf 91' lang='lat' dir='ltr'><strong>t.</strong></span> <span class='ocrx_word' id='word_1_108' title='bbox 1351 1149 1379 1198; x_wconf 95' lang='lat' dir='ltr'>I</span> <span class='ocrx_word' id='word_1_109' title='bbox 1415 1166 1462 1211; x_wconf 94' lang='lat' dir='ltr'><strong>p.</strong></span> <span class='ocrx_word' id='word_1_110' title='bbox 1491 1149 1781 1197; x_wconf 84' lang='lat'><strong>597—613</strong></span> 
     </span>
     <span class='ocr_line' id='line_1_16' title="bbox 98 1215 1785 1290; baseline -0.001 -20"><span class='ocrx_word' id='word_1_111' title='bbox 98 1215 191 1288; x_wconf 89' lang='lat'><strong>(=</strong></span> <span class='ocrx_word' id='word_1_112' title='bbox 215 1216 364 1290; x_wconf 82' lang='lat' dir='ltr'><strong>Mor),</strong></span> <span class='ocrx_word' id='word_1_113' title='bbox 396 1224 470 1271; x_wconf 87' lang='lat' dir='ltr'><strong>ita</strong></span> <span class='ocrx_word' id='word_1_114' title='bbox 501 1226 669 1272; x_wconf 86' lang='lat' dir='ltr'><strong>tamen</strong></span> <span class='ocrx_word' id='word_1_115' title='bbox 700 1227 757 1272; x_wconf 90' lang='lat' dir='ltr'><strong>ut</strong></span> <span class='ocrx_word' id='word_1_116' title='bbox 795 1225 1059 1273; x_wconf 89' lang='lat' dir='ltr'><strong>nonnullas</strong></span> <span class='ocrx_word' id='word_1_117' title='bbox 1101 1223 1204 1274; x_wconf 91' lang='lat' dir='ltr'><strong>eius</strong></span> <span class='ocrx_word' id='word_1_118' title='bbox 1243 1224 1478 1273; x_wconf 89' lang='lat' dir='ltr'><strong>lectiones</strong></span> <span class='ocrx_word' id='word_1_119' title='bbox 1519 1239 1630 1271; x_wconf 94' lang='lat' dir='ltr'><strong>cum</strong></span> <span class='ocrx_word' id='word_1_120' title='bbox 1671 1222 1785 1270; x_wconf 85' lang='lat' dir='ltr'><strong>aliis</strong></span> 
     </span>
     <span class='ocr_line' id='line_1_17' title="bbox 95 1296 1792 1361; baseline 0.001 -18"><span class='ocrx_word' id='word_1_121' title='bbox 95 1299 313 1345; x_wconf 88' lang='lat' dir='ltr'><strong>mutaret</strong></span> <span class='ocrx_word' id='word_1_122' title='bbox 352 1313 474 1359; x_wconf 87' lang='lat' dir='ltr'><strong>quas</strong></span> <span class='ocrx_word' id='word_1_123' title='bbox 515 1298 727 1361; x_wconf 89' lang='lat' dir='ltr'><strong>sumpsit</strong></span> <span class='ocrx_word' id='word_1_124' title='bbox 758 1315 783 1347; x_wconf 90' lang='lat' dir='ltr'><strong>e</strong></span> <span class='ocrx_word' id='word_1_125' title='bbox 817 1299 982 1348; x_wconf 86' lang='lat' dir='ltr'><strong>codice</strong></span> <span class='ocrx_word' id='word_1_126' title='bbox 1022 1299 1266 1348; x_wconf 88' lang='lat' dir='ltr'><strong>secundae</strong></span> <span class='ocrx_word' id='word_1_127' title='bbox 1304 1299 1524 1347; x_wconf 84' lang='lat' dir='ltr'><strong>familiae</strong></span> <span class='ocrx_word' id='word_1_128' title='bbox 1563 1299 1696 1345; x_wconf 89' lang='lat' dir='ltr'><strong>inter</strong></span> <span class='ocrx_word' id='word_1_129' title='bbox 1724 1296 1792 1344; x_wconf 87' lang='grc' dir='ltr'><strong>Μ</strong></span> 
     </span>
     <span class='ocr_line' id='line_1_18' title="bbox 97 1365 1636 1437; baseline 0.002 -19"><span class='ocrx_word' id='word_1_130' title='bbox 97 1373 147 1418; x_wconf 91' lang='lat' dir='ltr'><strong>et</strong></span> <span class='ocrx_word' id='word_1_131' title='bbox 186 1371 261 1420; x_wconf 89' lang='lat' dir='ltr'><strong>Va</strong></span> <span class='ocrx_word' id='word_1_132' title='bbox 292 1374 469 1434; x_wconf 88' lang='lat' dir='ltr'><strong>stante,</strong></span> <span class='ocrx_word' id='word_1_133' title='bbox 503 1373 588 1434; x_wconf 90' lang='lat' dir='ltr'><strong>qui</strong></span> <span class='ocrx_word' id='word_1_134' title='bbox 620 1373 877 1422; x_wconf 87' lang='lat' dir='ltr'><strong>Parisinus</strong></span> <span class='ocrx_word' id='word_1_135' title='bbox 909 1390 981 1437; x_wconf 85' lang='lat' dir='ltr'><strong>gr.</strong></span> <span class='ocrx_word' id='word_1_136' title='bbox 1013 1375 1156 1422; x_wconf 85' lang='lat'><strong>3014</strong></span> <span class='ocrx_word' id='word_1_137' title='bbox 1190 1374 1341 1422; x_wconf 87' lang='lat' dir='ltr'><strong>fuisse</strong></span> <span class='ocrx_word' id='word_1_138' title='bbox 1371 1373 1582 1421; x_wconf 85' lang='lat' dir='ltr'><strong>videtur.</strong></span> <span class='ocrx_word' id='word_1_139' title='bbox 1594 1365 1636 1437; x_wconf 79' lang='lat'><strong>⁶)</strong></span> 
     </span>
    </p>

    <p class='ocr_par' dir='ltr' id='par_1_8' title="bbox 99 1444 1789 1808">
     <span class='ocr_line' id='line_1_19' title="bbox 211 1444 1787 1510; baseline 0 -17"><span class='ocrx_word' id='word_1_140' title='bbox 211 1444 362 1493; x_wconf 87' lang='lat' dir='ltr'><strong>Cuius</strong></span> <span class='ocrx_word' id='word_1_141' title='bbox 393 1447 520 1494; x_wconf 86' lang='lat' dir='ltr'><strong>vitia</strong></span> <span class='ocrx_word' id='word_1_142' title='bbox 550 1447 712 1495; x_wconf 88' lang='lat' dir='ltr'><strong>multa</strong></span> <span class='ocrx_word' id='word_1_143' title='bbox 743 1449 891 1510; x_wconf 87' lang='lat' dir='ltr'><strong>plane</strong></span> <span class='ocrx_word' id='word_1_144' title='bbox 916 1448 1176 1497; x_wconf 90' lang='lat' dir='ltr'><strong>immemor</strong></span> <span class='ocrx_word' id='word_1_145' title='bbox 1204 1447 1437 1496; x_wconf 90' lang='lat' dir='ltr'><strong>editionis</strong></span> <span class='ocrx_word' id='word_1_146' title='bbox 1460 1445 1787 1495; x_wconf 87' lang='lat' dir='ltr'><strong>Ferrariensis</strong></span> 
     </span>
     <span class='ocr_line' id='line_1_20' title="bbox 99 1519 1789 1585; baseline 0 -18"><span class='ocrx_word' id='word_1_147' title='bbox 99 1535 208 1567; x_wconf 91' lang='lat' dir='ltr'><strong>cum</strong></span> <span class='ocrx_word' id='word_1_148' title='bbox 256 1536 348 1582; x_wconf 90' lang='lat' dir='ltr'><strong>ope</strong></span> <span class='ocrx_word' id='word_1_149' title='bbox 397 1521 577 1570; x_wconf 90' lang='lat' dir='ltr'><strong>codicis</strong></span> <span class='ocrx_word' id='word_1_150' title='bbox 613 1521 1062 1571; x_wconf 87' lang='lat' dir='ltr'><strong>Wolfenbuttelani</strong></span> <span class='ocrx_word' id='word_1_151' title='bbox 1108 1526 1215 1571; x_wconf 90' lang='lat' dir='ltr'><strong>tum</strong></span> <span class='ocrx_word' id='word_1_152' title='bbox 1255 1539 1314 1571; x_wconf 82' lang='lat' dir='ltr'><strong>ex</strong></span> <span class='ocrx_word' id='word_1_153' title='bbox 1342 1522 1541 1585; x_wconf 86' lang='lat' dir='ltr'><strong>ingenio</strong></span> <span class='ocrx_word' id='word_1_154' title='bbox 1577 1519 1789 1569; x_wconf 86' lang='lat' dir='ltr'><strong>correxit</strong></span> 
     </span>
     <span class='ocr_line' id='line_1_21' title="bbox 99 1589 1785 1663; baseline 0.001 -23"><span class='ocrx_word' id='word_1_155' title='bbox 99 1593 379 1643; x_wconf 85' lang='lat' dir='ltr'><strong>Reiskius</strong></span> <span class='ocrx_word' id='word_1_156' title='bbox 405 1590 499 1662; x_wconf 89' lang='lat'><strong>(=</strong></span> <span class='ocrx_word' id='word_1_157' title='bbox 525 1589 643 1663; x_wconf 90' lang='lat' dir='ltr'><strong>Re),</strong></span> <span class='ocrx_word' id='word_1_158' title='bbox 685 1596 771 1645; x_wconf 91' lang='lat' dir='ltr'><strong>sed</strong></span> <span class='ocrx_word' id='word_1_159' title='bbox 808 1613 935 1646; x_wconf 83' lang='lat' dir='ltr'><strong>uxor</strong></span> <span class='ocrx_word' id='word_1_160' title='bbox 973 1613 1100 1659; x_wconf 90' lang='lat' dir='ltr'><strong>quae</strong></span> <span class='ocrx_word' id='word_1_161' title='bbox 1144 1597 1411 1646; x_wconf 89' lang='lat' dir='ltr'><strong>editionem</strong></span> <span class='ocrx_word' id='word_1_162' title='bbox 1443 1599 1478 1645; x_wconf 95' lang='lat' dir='ltr'><strong>t.</strong></span> <span class='ocrx_word' id='word_1_163' title='bbox 1504 1595 1575 1644; x_wconf 91' lang='lat' dir='ltr'><strong>IV</strong></span> <span class='ocrx_word' id='word_1_164' title='bbox 1606 1613 1653 1658; x_wconf 90' lang='lat' dir='ltr'><strong>p.</strong></span> <span class='ocrx_word' id='word_1_165' title='bbox 1680 1595 1785 1643; x_wconf 88' lang='lat'><strong>459</strong></span> 
     </span>
     <span class='ocr_line' id='line_1_22' title="bbox 100 1669 1788 1735; baseline 0.001 -20"><span class='ocrx_word' id='word_1_166' title='bbox 100 1669 281 1716; x_wconf 85' lang='lat'><strong>—478</strong></span> <span class='ocrx_word' id='word_1_167' title='bbox 331 1670 525 1719; x_wconf 82' lang='lat' dir='ltr'><strong>curavit</strong></span> <span class='ocrx_word' id='word_1_168' title='bbox 563 1673 754 1718; x_wconf 86' lang='lat' dir='ltr'><strong>textum</strong></span> <span class='ocrx_word' id='word_1_169' title='bbox 792 1671 1139 1735; x_wconf 88' lang='lat' dir='ltr'><strong>Morellianum</strong></span> <span class='ocrx_word' id='word_1_170' title='bbox 1177 1671 1388 1720; x_wconf 88' lang='lat' dir='ltr'><strong>retinere</strong></span> <span class='ocrx_word' id='word_1_171' title='bbox 1428 1687 1579 1734; x_wconf 90' lang='lat' dir='ltr'><strong>quam</strong></span> <span class='ocrx_word' id='word_1_172' title='bbox 1621 1684 1788 1718; x_wconf 87' lang='lat' dir='ltr'><strong>omnes</strong></span> 
     </span>
     <span class='ocr_line' id='line_1_23' title="bbox 100 1743 1157 1808; baseline 0.005 -19"><span class='ocrx_word' id='word_1_173' title='bbox 100 1743 268 1790; x_wconf 89' lang='lat' dir='ltr'><strong>mariti</strong></span> <span class='ocrx_word' id='word_1_174' title='bbox 302 1744 668 1793; x_wconf 87' lang='lat' dir='ltr'><strong>emendationes</strong></span> <span class='ocrx_word' id='word_1_175' title='bbox 699 1761 936 1808; x_wconf 87' lang='lat' dir='ltr'><strong>reponere</strong></span> <span class='ocrx_word' id='word_1_176' title='bbox 966 1746 1157 1795; x_wconf 84' lang='lat' dir='ltr'><strong>maluit.</strong></span> 
     </span>
    </p>

    <p class='ocr_par' dir='ltr' id='par_1_9' title="bbox 103 1817 1790 1958">
     <span class='ocr_line' id='line_1_24' title="bbox 214 1817 1789 1884; baseline 0.001 -20"><span class='ocrx_word' id='word_1_177' title='bbox 214 1817 382 1866; x_wconf 90' lang='lat' dir='ltr'><strong>Pauca</strong></span> <span class='ocrx_word' id='word_1_178' title='bbox 414 1818 478 1866; x_wconf 89' lang='lat' dir='ltr'><strong>ad</strong></span> <span class='ocrx_word' id='word_1_179' title='bbox 507 1821 700 1867; x_wconf 87' lang='lat' dir='ltr'><strong>textum</strong></span> <span class='ocrx_word' id='word_1_180' title='bbox 736 1820 1076 1884; x_wconf 84' lang='lat' dir='ltr'><strong>corrigendum</strong></span> <span class='ocrx_word' id='word_1_181' title='bbox 1112 1820 1434 1869; x_wconf 87' lang='lat' dir='ltr'><strong>contulerunt</strong></span> <span class='ocrx_word' id='word_1_182' title='bbox 1464 1819 1549 1869; x_wconf 83' lang='lat' dir='ltr'><strong>Fr.</strong></span> <span class='ocrx_word' id='word_1_183' title='bbox 1582 1817 1789 1867; x_wconf 89' lang='lat' dir='ltr'><strong>Iacob-</strong></span> 
     </span>
     <span class='ocr_line' id='line_1_25' title="bbox 103 1888 1790 1958; baseline 0.001 -20"><span class='ocrx_word' id='word_1_184' title='bbox 103 1890 228 1939; x_wconf 85' lang='lat' dir='ltr'><strong>sius</strong></span> <span class='ocrx_word' id='word_1_185' title='bbox 277 1908 387 1940; x_wconf 91' lang='lat' dir='ltr'><strong>cum</strong></span> <span class='ocrx_word' id='word_1_186' title='bbox 431 1893 553 1942; x_wconf 91' lang='lat' dir='ltr'><strong>alibi</strong></span> <span class='ocrx_word' id='word_1_187' title='bbox 590 1895 700 1942; x_wconf 93' lang='lat' dir='ltr'><strong>tum</strong></span> <span class='ocrx_word' id='word_1_188' title='bbox 732 1890 1060 1943; x_wconf 74' lang='lat' dir='ltr'><strong>‘Lectionum’</strong></span> <span class='ocrx_word' id='word_1_189' title='bbox 1101 1888 1307 1958; x_wconf 81' lang='lat' dir='ltr'><strong>libro⁷)‚</strong></span> <span class='ocrx_word' id='word_1_190' title='bbox 1355 1892 1790 1942; x_wconf 89' lang='lat' dir='ltr'><strong>Boissonadius</strong></span> 
     </span>
    </p>
   </div>
   <div class='ocr_carea' id='block_1_6' title="bbox 104 1959 1792 2090">
    <p class='ocr_par' dir='ltr' id='par_1_10' title="bbox 104 1959 1792 2090">
     <span class='ocr_line' id='line_1_26' title="bbox 104 1959 1792 2088; baseline 0.001 -75"><span class='ocrx_word' id='word_1_191' title='bbox 104 1967 221 2087; x_wconf 52' lang='lat' dir='ltr'><strong>guib</strong></span> <span class='ocrx_word' id='word_1_192' title='bbox 246 1967 412 2088; x_wconf 58' lang='lat' dir='ltr'><strong>epdice</strong></span> <span class='ocrx_word' id='word_1_193' title='bbox 465 1967 691 2016; x_wconf 86' lang='lat' dir='ltr'><strong>Parisino</strong></span> <span class='ocrx_word' id='word_1_194' title='bbox 744 1985 816 2033; x_wconf 87' lang='lat' dir='ltr'><strong>gr.</strong></span> <span class='ocrx_word' id='word_1_195' title='bbox 850 1971 991 2018; x_wconf 85' lang='lat'><strong>3017</strong></span> <span class='ocrx_word' id='word_1_196' title='bbox 1048 1984 1165 2018; x_wconf 88' lang='lat' dir='ltr'><strong>usus</strong></span> <span class='ocrx_word' id='word_1_197' title='bbox 1219 1962 1370 2036; x_wconf 77' lang='lat' dir='ltr'><strong>est⁸)‚</strong></span> <span class='ocrx_word' id='word_1_198' title='bbox 1416 1968 1474 2017; x_wconf 92' lang='lat' dir='ltr'><strong>A.</strong></span> <span class='ocrx_word' id='word_1_199' title='bbox 1522 1959 1792 2034; x_wconf 74' lang='lat' dir='ltr'><strong>Gasda9),</strong></span> 
     </span>
     <span class='ocr_line' id='line_1_27' title="bbox 153 2055 377 2090; baseline 0.013 -3"><span class='ocrx_word' id='word_1_200' title='bbox 153 2055 182 2087; x_wconf 92' lang='lat' dir='ltr'><strong>o</strong></span> <span class='ocrx_word' id='word_1_201' title='bbox 232 2055 257 2088; x_wconf 92' lang='lat' dir='ltr'><strong>e</strong></span> <span class='ocrx_word' id='word_1_202' title='bbox 297 2056 377 2090; x_wconf 86' lang='lat' dir='ltr'><strong>us.</strong></span> 
     </span>
    </p>
   </div>
   <div class='ocr_carea' id='block_1_7' title="bbox 105 2140 459 2149">
    <p class='ocr_par' dir='ltr' id='par_1_11' title="bbox 105 2140 459 2149">
     <span class='ocr_line' id='line_1_28' title="bbox 105 2140 459 2149; baseline 0 1009"><span class='ocrx_word' id='word_1_203' title='bbox 105 2140 459 2149; x_wconf 95' lang='lat' dir='ltr'><strong> </strong></span> 
     </span>
    </p>
   </div>
   <div class='ocr_carea' id='block_1_8' title="bbox 227 2197 1004 2731">
    <p class='ocr_par' dir='ltr' id='par_1_12' title="bbox 228 2197 653 2256">
     <span class='ocr_line' id='line_1_29' title="bbox 228 2197 653 2256; baseline 0.002 -14"><span class='ocrx_word' id='word_1_204' title='bbox 228 2199 272 2253; x_wconf 93' lang='lat'><strong>1)</strong></span> <span class='ocrx_word' id='word_1_205' title='bbox 303 2197 370 2242; x_wconf 88' lang='lat' dir='ltr'><strong>Cf.</strong></span> <span class='ocrx_word' id='word_1_206' title='bbox 402 2199 436 2243; x_wconf 87' lang='lat' dir='ltr'><strong>t.</strong></span> <span class='ocrx_word' id='word_1_207' title='bbox 460 2199 482 2242; x_wconf 98' lang='lat' dir='ltr'>I</span> <span class='ocrx_word' id='word_1_208' title='bbox 511 2214 557 2256; x_wconf 92' lang='lat' dir='ltr'><strong>p.</strong></span> <span class='ocrx_word' id='word_1_209' title='bbox 585 2203 653 2243; x_wconf 83' lang='grc'><strong>73.</strong></span> 
     </span>
    </p>

    <p class='ocr_par' dir='ltr' id='par_1_13' title="bbox 227 2254 756 2316">
     <span class='ocr_line' id='line_1_30' title="bbox 227 2254 756 2316; baseline 0.008 -17"><span class='ocrx_word' id='word_1_210' title='bbox 227 2260 271 2312; x_wconf 84' lang='grc'><strong>2)</strong></span> <span class='ocrx_word' id='word_1_211' title='bbox 304 2254 370 2301; x_wconf 85' lang='lat' dir='ltr'><strong>cf.</strong></span> <span class='ocrx_word' id='word_1_212' title='bbox 403 2259 436 2302; x_wconf 89' lang='lat' dir='ltr'><strong>t.</strong></span> <span class='ocrx_word' id='word_1_213' title='bbox 461 2258 484 2302; x_wconf 94' lang='lat' dir='ltr'>I</span> <span class='ocrx_word' id='word_1_214' title='bbox 512 2273 558 2315; x_wconf 92' lang='lat' dir='ltr'><strong>p.</strong></span> <span class='ocrx_word' id='word_1_215' title='bbox 585 2264 667 2303; x_wconf 82' lang='lat'><strong>351</strong></span> <span class='ocrx_word' id='word_1_216' title='bbox 689 2273 756 2316; x_wconf 88' lang='lat' dir='ltr'><strong>sq.</strong></span> 
     </span>
    </p>

    <p class='ocr_par' dir='ltr' id='par_1_14' title="bbox 228 2315 885 2376">
     <span class='ocr_line' id='line_1_31' title="bbox 228 2315 885 2376; baseline 0.003 -17"><span class='ocrx_word' id='word_1_217' title='bbox 228 2319 273 2372; x_wconf 88' lang='lat'><strong>3)</strong></span> <span class='ocrx_word' id='word_1_218' title='bbox 304 2315 370 2361; x_wconf 83' lang='lat' dir='ltr'><strong>cf.</strong></span> <span class='ocrx_word' id='word_1_219' title='bbox 403 2319 437 2363; x_wconf 77' lang='lat' dir='ltr'><strong>t</strong></span> <span class='ocrx_word' id='word_1_220' title='bbox 468 2318 506 2363; x_wconf 89' lang='lat' dir='ltr'>V</span> <span class='ocrx_word' id='word_1_221' title='bbox 534 2333 578 2376; x_wconf 88' lang='lat' dir='ltr'><strong>p</strong></span> <span class='ocrx_word' id='word_1_222' title='bbox 606 2322 691 2361; x_wconf 74' lang='lat'><strong>368</strong></span> <span class='ocrx_word' id='word_1_223' title='bbox 723 2318 817 2362; x_wconf 75' lang='lat' dir='ltr'><strong>not</strong></span> <span class='ocrx_word' id='word_1_224' title='bbox 844 2322 885 2363; x_wconf 82' lang='lat'><strong>3.</strong></span> 
     </span>
    </p>

    <p class='ocr_par' dir='ltr' id='par_1_15' title="bbox 228 2375 684 2435">
     <span class='ocr_line' id='line_1_32' title="bbox 228 2375 684 2435; baseline 0.009 -17"><span class='ocrx_word' id='word_1_225' title='bbox 228 2378 271 2431; x_wconf 82' lang='lat'><strong>4)</strong></span> <span class='ocrx_word' id='word_1_226' title='bbox 307 2375 372 2421; x_wconf 84' lang='lat' dir='ltr'><strong>Cf.</strong></span> <span class='ocrx_word' id='word_1_227' title='bbox 404 2378 437 2421; x_wconf 84' lang='lat' dir='ltr'><strong>t.</strong></span> <span class='ocrx_word' id='word_1_228' title='bbox 462 2377 483 2421; x_wconf 95' lang='lat' dir='ltr'>I</span> <span class='ocrx_word' id='word_1_229' title='bbox 513 2393 560 2435; x_wconf 89' lang='lat' dir='ltr'><strong>p.</strong></span> <span class='ocrx_word' id='word_1_230' title='bbox 586 2381 684 2422; x_wconf 83' lang='lat'><strong>238.</strong></span> 
     </span>
    </p>

    <p class='ocr_par' dir='ltr' id='par_1_16' title="bbox 229 2434 656 2494">
     <span class='ocr_line' id='line_1_33' title="bbox 229 2434 656 2494; baseline 0.007 -16"><span class='ocrx_word' id='word_1_231' title='bbox 229 2438 271 2489; x_wconf 83' lang='lat'><strong>5)</strong></span> <span class='ocrx_word' id='word_1_232' title='bbox 306 2434 372 2479; x_wconf 85' lang='lat' dir='ltr'><strong>cf.</strong></span> <span class='ocrx_word' id='word_1_233' title='bbox 406 2438 438 2480; x_wconf 86' lang='lat' dir='ltr'><strong>t.</strong></span> <span class='ocrx_word' id='word_1_234' title='bbox 464 2437 485 2480; x_wconf 95' lang='lat' dir='ltr'>I</span> <span class='ocrx_word' id='word_1_235' title='bbox 515 2452 560 2494; x_wconf 92' lang='lat' dir='ltr'><strong>p.</strong></span> <span class='ocrx_word' id='word_1_236' title='bbox 588 2441 656 2481; x_wconf 80' lang='lat'><strong>70.</strong></span> 
     </span>
    </p>

    <p class='ocr_par' dir='ltr' id='par_1_17' title="bbox 230 2493 576 2553">
     <span class='ocr_line' id='line_1_34' title="bbox 230 2493 576 2553; baseline 0.012 -16"><span class='ocrx_word' id='word_1_237' title='bbox 230 2496 273 2551; x_wconf 77' lang='lat'><strong>6)</strong></span> <span class='ocrx_word' id='word_1_238' title='bbox 306 2493 372 2538; x_wconf 83' lang='lat' dir='ltr'><strong>cf.</strong></span> <span class='ocrx_word' id='word_1_239' title='bbox 405 2510 450 2553; x_wconf 91' lang='lat' dir='ltr'><strong>p.</strong></span> <span class='ocrx_word' id='word_1_240' title='bbox 478 2501 576 2541; x_wconf 79' lang='lat'><strong>184.</strong></span> 
     </span>
    </p>

    <p class='ocr_par' dir='ltr' id='par_1_18' title="bbox 231 2553 1004 2672">
     <span class='ocr_line' id='line_1_35' title="bbox 232 2553 1004 2612; baseline 0.003 -14"><span class='ocrx_word' id='word_1_241' title='bbox 232 2553 559 2612; x_wconf 78' lang='lat' dir='ltr'><strong>7)0f.t.1p.</strong></span> <span class='ocrx_word' id='word_1_242' title='bbox 588 2560 640 2600; x_wconf 79' lang='lat'><strong>‘17</strong></span> <span class='ocrx_word' id='word_1_243' title='bbox 675 2555 878 2612; x_wconf 78' lang='lat' dir='ltr'><strong>etvp.</strong></span> <span class='ocrx_word' id='word_1_244' title='bbox 906 2560 1004 2600; x_wconf 83' lang='lat'><strong>198.</strong></span> 
     </span>
     <span class='ocr_line' id='line_1_36' title="bbox 231 2611 658 2672; baseline 0.007 -16"><span class='ocrx_word' id='word_1_245' title='bbox 231 2615 275 2669; x_wconf 87' lang='lat'><strong>8)</strong></span> <span class='ocrx_word' id='word_1_246' title='bbox 308 2611 374 2657; x_wconf 87' lang='lat' dir='ltr'><strong>cf.</strong></span> <span class='ocrx_word' id='word_1_247' title='bbox 408 2615 442 2658; x_wconf 86' lang='lat' dir='ltr'><strong>t.</strong></span> <span class='ocrx_word' id='word_1_248' title='bbox 465 2614 486 2657; x_wconf 92' lang='lat'><strong>1</strong></span> <span class='ocrx_word' id='word_1_249' title='bbox 516 2629 562 2672; x_wconf 90' lang='lat' dir='ltr'><strong>p.</strong></span> <span class='ocrx_word' id='word_1_250' title='bbox 590 2619 658 2660; x_wconf 79' lang='lat'><strong>⁷8.</strong></span> 
     </span>
    </p>

    <p class='ocr_par' dir='ltr' id='par_1_19' title="bbox 233 2671 697 2731">
     <span class='ocr_line' id='line_1_37' title="bbox 233 2671 697 2731; baseline 0.011 -16"><span class='ocrx_word' id='word_1_251' title='bbox 233 2675 276 2729; x_wconf 80' lang='lat'><strong>9)</strong></span> <span class='ocrx_word' id='word_1_252' title='bbox 310 2671 376 2716; x_wconf 88' lang='lat' dir='ltr'><strong>cf.</strong></span> <span class='ocrx_word' id='word_1_253' title='bbox 409 2674 442 2718; x_wconf 74' lang='lat' dir='ltr'><strong>t.</strong></span> <span class='ocrx_word' id='word_1_254' title='bbox 469 2673 509 2717; x_wconf 92' lang='lat' dir='ltr'><strong>V</strong></span> <span class='ocrx_word' id='word_1_255' title='bbox 540 2689 586 2731; x_wconf 90' lang='lat' dir='ltr'><strong>p.</strong></span> <span class='ocrx_word' id='word_1_256' title='bbox 614 2679 697 2720; x_wconf 85' lang='lat'><strong>198</strong></span> 
     </span>
    </p>
   </div>
  </div>
 </body>
</html>
