2014 3158
972 586 1163 640 XLIX.

332 709 642 759 Declamatio
674 712 916 772 inscripta
948 708 1208 759 Διέσωσέ
1239 729 1325 769 τις
1357 708 1704 777 ἐμπρησμοῦ
1743 727 1910 775 γενο-

221 781 400 847 μένου
425 783 525 833 τὸν
549 783 762 834 ἑαυτοῦ
787 782 1017 850 πατέρα.
1049 784 1415 849 πειρώμενος
1440 784 1645 843 σώζειν
1676 781 1773 832 καὶ
1804 782 1911 847 τὴν

219 855 438 925 μητέρα
469 856 566 907 καὶ
598 865 700 908 τοῦ
732 866 916 908 σῶσαι
948 859 1232 926 διήμαρτε
1257 857 1352 908 καὶ
1385 857 1522 918 τοὺς
1555 855 1911 922 ὀφθαλμοὺς

218 933 687 997 προσαπώλεσεν.
720 931 1109 999 ἐπεισήγαγεν
1141 931 1295 1003 αὐτῷ
1325 931 1617 999 μητρυιὰν
1649 931 1674 982 ὁ
1706 931 1907 997 πατήρ.

218 1006 364 1070 αὕτη
398 1005 717 1070 δεδεμένον
751 1007 1066 1073 φάρμακον
1105 1005 1165 1056 ἐν
1188 1012 1321 1066 τοῖς
1353 1007 1613 1071 ἱματίοις
1644 1013 1744 1055 τοῦ
1776 1024 1907 1055 παι-

217 1080 318 1140 δὸς
350 1081 534 1140 ἔδειξε
566 1086 639 1150 τῷ
671 1082 859 1147 πατρί.
901 1081 997 1131 καὶ
1036 1080 1505 1146 πυνθανομένου
1544 1089 1646 1131 τοῦ
1686 1079 1909 1147 πατρὸς

215 1154 407 1204 πόθεν
439 1156 529 1221 εἴη
562 1155 622 1205 τὸ
649 1156 965 1223 φάρμακον
990 1153 1167 1206 οὐδὲν
1192 1154 1567 1222 ἀπεκρίνατο.
1601 1153 1740 1219 μετὰ
1771 1161 1906 1204 ταῦ-

214 1248 281 1278 τα
326 1230 571 1297 γράφων
626 1231 931 1296 διαθήκην
978 1237 1043 1300 τῇ
1093 1228 1196 1295 μὲν
1249 1228 1488 1296 γυναικὶ
1535 1229 1636 1280 τὸν
1689 1232 1907 1295 κλῆρον

214 1303 436 1369 εἴασεν,
476 1303 972 1372 ἀποκληρονόμον
1013 1302 1071 1354 δὲ
1111 1303 1213 1354 τὸν
1253 1304 1435 1353 παῖδα
1476 1302 1761 1353 κατέλιπε.
1807 1302 1907 1353 καὶ

214 1377 429 1438 νυκτὸς
461 1379 735 1445 θορύβου
767 1378 1094 1445 γενομένου
1126 1378 1269 1428 κατὰ
1294 1378 1400 1443 τὴν
1425 1378 1624 1428 οἰκίαν
1648 1375 1743 1427 καὶ
1767 1381 1905 1426 πολ-

214 1456 326 1501 λῶν
366 1453 786 1503 συνελθόντων
825 1451 1130 1520 εῢρηταιὸ
1172 1450 1275 1518 μὲν
1313 1452 1502 1519 πατὴρ
1542 1451 1905 1518 νεοσφαγής,

212 1525 271 1575 τὸ
305 1524 364 1579 δὲ
397 1528 573 1592 ξίφος
603 1535 706 1577 τοῦ
738 1528 952 1587 παιδὸς
991 1528 1452 1593 παρακείμενον,
1493 1524 1523 1590 ἡ
1558 1523 1617 1575 δὲ
1651 1525 1906 1591 μητρυιὰ

211 1599 842 1668 παρακαθεύδουσα,ὅ
885 1600 944 1651 δὲ
983 1602 1204 1666 τυφλὸς
1244 1600 1420 1662 ἑστὼς
1462 1599 1555 1651 ἐπὶ
1585 1608 1687 1650 τοῦ
1720 1598 1905 1649 οὐδοῦ

210 1683 312 1739 τῆς
351 1676 544 1736 οἰκίας
584 1674 644 1725 ἐν
676 1666 710 1746 ᾗ
747 1672 882 1725 καθ’
918 1675 1133 1727 ἑαυτὸν
1173 1676 1391 1742 ἔμενεν.
1437 1674 1904 1741 ἀντεγκαλοῦσιν

211 1747 486 1814 ἀλλήλοις
520 1748 545 1799 ὅ
585 1750 807 1814 τυφλὸς
846 1749 943 1800 καὶ
983 1748 1013 1815 ἡ
1056 1750 1331 1817 μητρυιά,
1374 1767 1472 1813 qua
1502 1750 1633 1798 filius
1667 1751 1754 1811 qui
1784 1749 1904 1797 olim

208 1824 260 1871 in
291 1826 518 1873 incendio
552 1826 723 1874 domus
747 1828 940 1888 patrem
965 1825 1168 1888 quidem
1200 1826 1458 1887 extulerat,
1490 1827 1544 1873 in
1575 1825 1756 1872 conatu
1786 1839 1902 1872 vero

210 1900 362 1947 etiam
400 1900 574 1949 matris
622 1901 892 1949 servandae
938 1901 1113 1948 infelix
1152 1901 1318 1948 oculos
1359 1900 1593 1947 amiserat
1631 1914 1661 1946 a
1700 1897 1902 1946 crimine

207 1974 464 2035 parricidii
509 1990 560 2023 se
607 1973 828 2022 defendit
879 1990 1142 2023 novercam
1195 1976 1431 2022 maritum
1486 1972 1719 2022 occidisse
1776 1987 1902 2020 asse-

207 2063 383 2095 verans
396 2042 454 2113 1),
485 2048 747 2097 facundiae
772 2047 1077 2097 Libanianae
1109 2048 1493 2097 admiratoribus
1521 2046 1667 2096 valde
1699 2047 1902 2108 accepta

206 2122 318 2170 fuit.
374 2120 514 2179 Quod
554 2138 671 2171 sane
711 2125 786 2171 est
824 2139 909 2171 cur
946 2123 1152 2172 mireris.
1207 2123 1338 2171 Nam
1376 2122 1484 2171 loco
1530 2122 1721 2186 gratiae
1764 2120 1923 2167 illius·

207 2198 356 2258 atque
388 2198 725 2260 simplicitatis
756 2197 1063 2245 Libanianae
1094 2200 1273 2260 regnat
1301 2197 1354 2244 in
1387 2213 1446 2244 ea
1476 2195 1749 2245 verbositas
1773 2209 1900 2256 quae

204 2271 586 2332 repetitionibus
610 2287 767 2333 paene
791 2287 889 2319 non
916 2271 1010 2319 sibi
1034 2271 1318 2320 satisfacere
1342 2286 1485 2333 posse
1508 2269 1717 2318 videtur.
1749 2267 1898 2317 Acce·

206 2344 281 2391 dit
313 2345 454 2407 copia
493 2346 764 2393 formarum
801 2347 859 2392 ut
898 2337 958 2409 ἧς
989 2362 1079 2408 pro
1112 2338 1248 2409 ἦσθα
1282 2362 1329 2407 p.
1358 2336 1645 2409 694‚162),
1684 2341 1897 2390 vocabu·

205 2419 366 2466 lorum
405 2422 460 2467 ut
499 2417 902 2485 ἀποκληρονόμος
939 2437 987 2481 p.
1023 2420 1218 2483 648,2;
1258 2416 1541 2482 ἀλυσιτελής
1579 2434 1625 2479 p.
1662 2416 1895 2478 692,16;

326 2578 367 2632 1)
410 2575 540 2619 Idem
587 2577 657 2619 est
703 2577 1029 2631 argumentum
1077 2574 1471 2618 declamationum
1519 2587 1637 2630 quae
1684 2572 1897 2616 feruntur

206 2633 558 2687 Quintiliani
590 2633 835 2687 secundae,
862 2634 943 2677 sed
967 2648 1060 2678 non
1083 2633 1208 2677 filius
1231 2633 1334 2690 ipse
1357 2635 1515 2690 partes
1530 2646 1646 2676 suas
1672 2631 1786 2688 agit,
1811 2630 1893 2674 sed

205 2693 264 2736 ab
290 2693 383 2737 alio
410 2693 692 2738 defenditur.
723 2693 868 2736 Locos
893 2695 1073 2736 exstare
1098 2693 1272 2736 similes
1297 2692 1435 2736 facile
1459 2691 1726 2748 intellege83
1751 2690 1892 2733 immo

203 2765 311 2795 vero
337 2753 462 2808 quod
486 2766 578 2796 non
602 2752 758 2809 plures
785 2753 893 2795 sunt
915 2752 1172 2796 miraberis.
1223 2751 1382 2795 Simile
1408 2754 1732 2809 argumentum
1758 2747 1893 2792 affer-
1977 2758 1981 2767 ’

203 2813 280 2854 tur
302 2811 350 2854 in
376 2811 564 2855 scholiis
591 2812 651 2854 ad
675 2811 890 2867 Hermog.
918 2813 1022 2855 stat.
1050 2811 1185 2855 Rhet.
1211 2826 1278 2867 gr.
1303 2814 1335 2854 t.
1354 2811 1439 2855 VII
1457 2815 1556 2863 251,
1577 2814 1629 2852 17
1656 2806 1889 2852 ed.Walz.

322 2873 366 2927 2)
391 2870 564 2914 Eadem
589 2871 739 2913 forma
768 2883 909 2927 supra
932 2885 975 2926 p.
999 2875 1095 2923 124,
1115 2875 1142 2913 4
1168 2873 1215 2913 et
1239 2874 1270 2914 t.
1291 2869 1354 2913 VI
1371 2874 1471 2923 259,
1490 2874 1516 2912 8
1540 2867 1782 2924 reperitur,
1810 2865 1891 2909 sed

203 2929 251 2971 in
285 2929 705 2973 declamationibus
737 2942 858 2986 quae
883 2928 1068 2972 Libanii
1099 2942 1268 2972 nomen
1298 2929 1472 2972 iniuria
1501 2942 1612 2984 prae
1646 2939 1694 2969 se
1717 2925 1886 2968 ferunt.
