2044 3168
254 91 358 144 196
680 90 906 134 LIBANII
936 88 1326 136 DECLAMATIO
1358 90 1526 135 XXXV

362 225 447 279 25.
501 226 679 280 Ἀλλὰ
741 229 951 295 ζημία,
1014 228 1178 295 φησί,
1239 234 1311 296 τῇ
1373 229 1942 296 πόλει..χρήσιμον
2011 287 2030 303 ς

250 316 455 385 ἄνδρα
496 314 877 368 ἀποθανεῖν.
917 314 1207 368 κάνταῦθα
1237 318 1606 384 μεμνήσονται
1640 317 1821 383 λόγων
1851 315 1940 368 καὶ

249 407 558 474 πρεσβειῶν
609 402 700 457 καὶ
754 403 1125 473 ψηφισμάτων
1179 402 1339 472 ἐμῶν.
1395 402 1500 471 ἐγὼ
1558 401 1619 456 δὲ
1673 405 1942 474 ἄχρηστος

248 493 350 562 μὲν
389 493 522 561 ὑμῖν
563 493 664 547 οὐκ
704 493 775 546 ἂν
814 495 987 563 φαίην
1026 492 1340 562 γεγονέναι,
1387 494 1661 560 ψεύσομαι
1707 494 1810 563 γὰρ
1848 491 1940 546 καὶ

205 603 224 636 5
252 579 344 651 ἐμὲ
385 581 722 651 ἑξελέγξουσι
762 583 956 636 πολλοὶ
996 582 1098 650 μὲν
1135 583 1321 650 νόμοι,
1368 580 1564 635 πολλαὶ
1613 579 1674 635 δὲ
1713 591 1944 650 γνῶμαι,

247 671 445 725 πολλαὶ
485 669 544 724 δὲ
577 674 863 740 πρεσβεῖαι
897 667 976 724 ὧν
1009 672 1236 739 οὐδεμία
1267 672 1370 740 τὴν
1402 669 1538 740 ἐμὴν
1571 669 1941 739 ἐπηνώρθωσε

247 765 468 829 πενίαν,
516 764 693 814 καίτοι
740 780 801 827 γε
847 760 1169 833 βουλομένῳ
1217 758 1415 832 ῥᾴδιον
1454 756 1538 828 ἦν.
1595 758 1708 812 ἀλλ’
1756 761 1804 813 εἰ
1849 760 1942 813 καὶ

247 851 417 903 τᾶλλα
471 870 563 919 μοι
616 850 796 902 πάντα
852 851 1169 916 φιλοπόνως
1225 847 1365 919 ὑπὲρ
1421 850 1578 916 ὑμῶν
1638 847 1941 919 πέπρακται

247 937 337 992 καὶ
383 939 531 1009 παρὰ
577 947 691 1001 τοῖς
738 938 926 1001 ἄλλοις
958 937 1186 1007 ε’Έλλησι
1232 937 1323 991 καὶ
1371 946 1435 1009 τῇ
1484 940 1640 991 πόλει
1686 936 1778 991 καὶ
1816 942 1943 1007 μελ-

116 1059 119 1061 >
181 1049 223 1082 10
249 1028 453 1090 λούσας
476 1047 534 1081 τε
567 1022 642 1080 ἔτι
676 1025 766 1080 καὶ
800 1026 1202 1096 συνισταμένας
1232 1028 1328 1090 τὰς
1357 1027 1559 1080 τούτου
1591 1027 1943 1096 κακοτεχνίας

158 1121 279 1166 RIV
297 1126 382 1166 236
429 1115 520 1170 καὶ
560 1117 816 1169 κατεῖδον
854 1116 945 1169 καὶ
985 1117 1292 1170 διεκώλυσα
1325 1117 1332 1185 Ι
1367 1117 1654 1185 πολλάκις,
1698 1114 1816 1169 ἀλλ’
1863 1114 1943 1180 ε’ξ-

246 1205 377 1277 εῦρέ
411 1226 463 1259 τι
503 1213 761 1259 τοιοῦτον
799 1206 935 1275 πρὸς
976 1205 1003 1258 ὃ
1044 1207 1218 1275 μόνον
1259 1205 1361 1259 οὐκ
1409 1204 1542 1274 ἐνῆν
1580 1204 1941 1274 μαχέσασθαι.

245 1297 302 1348 τί
345 1296 449 1365 γὰρ
498 1295 567 1348 ἄν
613 1314 695 1357 τις
741 1293 833 1347 καὶ
882 1293 1059 1363 λέγων
1113 1292 1328 1364 ἐπεῖχεν
1383 1296 1688 1364 ἄνθρωπον
1737 1293 1942 1362 ἀγορᾶς

245 1385 394 1456 νόμῳ
435 1393 590 1437 σῖτον
638 1383 981 1452 ὠνούμενον;
1035 1386 1094 1436 τί
1137 1380 1239 1436 οὗν
1286 1385 1369 1437 δεῖ
1416 1387 1511 1452 ζῆν
1557 1384 1655 1436 τὸν
1703 1383 1942 1436 εἰωθότα

180 1494 223 1528 15
246 1483 468 1544 κρατεῖν
506 1472 892 1543 νενικημένον;

356 1561 441 1615 26.
481 1560 601 1615 ’Έτι
648 1565 869 1630 τοίνυν,
919 1557 960 1615 ὦ
1001 1564 1201 1631 βουλή,
1249 1565 1378 1625 τοὺς
1425 1562 1527 1615 οὐκ
1573 1560 1942 1625 ἐκδεδωκότας

245 1651 347 1721 μὲν
386 1650 502 1721 ἐμέ,
549 1652 651 1720 τὴν
691 1652 972 1704 σιτοδείαν
1023 1648 1084 1704 δὲ
1132 1651 1377 1722 ὁρῶντας
1416 1652 1483 1704 οὐ
1524 1649 1722 1723 ῥᾴδιον
1760 1652 1832 1721 μὴ
1873 1651 1939 1704 οὐ

245 1739 336 1794 καὶ
383 1739 743 1810 φθέγξασθαί
783 1760 836 1793 τι
880 1748 1135 1794 τοιοῦτον
1189 1740 1385 1794 ὁποῖον
1440 1741 1583 1803 εἰκὸς
1628 1742 1758 1802 τοὺς
1809 1740 1941 1793 ἀπο-

247 1837 483 1899 ροῦντας
521 1837 751 1899 τροφῆς·
806 1827 883 1882 δι’
933 1828 1044 1883 ἕνα
1084 1831 1442 1899 ἄνθρωπον
1489 1829 1939 1898 ἀπολλύμεθα,

180 1940 223 1973 20
248 1917 325 1971 δι’
374 1918 487 1972 ἕνα
524 1918 767 1987 πένητα
806 1921 1238 1988 φθειρόμεθα.
1293 1917 1384 1972 καὶ
1424 1919 1527 1989 γὰρ
1568 1920 1619 1972 εἰ
1656 1919 1782 1971 λίαν
1821 1914 1940 1971 ἐστὲ

245 2015 492 2076 γενναῖοι
538 2005 628 2061 καὶ
675 2005 833 2060 καλοὶ
880 2006 1122 2076 κάγαθοὶ
1169 2008 1259 2061 καὶ
1305 2015 1492 2077 τιμᾶτε
1538 2009 1669 2069 τοὺς
1716 2008 1939 2075 νόμους,

247 2094 362 2149 ἀλλ’
403 2097 459 2148 αἱ
492 2094 774 2165 συμφοραὶ
812 2095 898 2149 καὶ
941 2098 1040 2150 τὸν
1079 2097 1221 2166 ἄγαν
1261 2097 1524 2166 σώφρονα
1559 2096 1822 2158 πολλάκις
1861 2093 1940 2159 ἐξ-

366 2203 392 2241 2
425 2211 491 2252 sq.
526 2196 656 2241 Dem.
691 2210 781 2241 cor.
815 2201 950 2250 §320
981 2213 1025 2254 p.
1055 2202 1156 2254 331,
1176 2202 1230 2242 10
1249 2213 1315 2254 sq.
1955 2191 1959 2196 ’

368 2292 391 2331 1
423 2286 475 2331 τὸ
505 2286 671 2331 OrHV
785 2289 812 2327 4
844 2286 928 2341 μὲν
961 2300 1036 2330 om
1061 2288 1106 2330 Β
1155 2287 1161 2342 Ι
1212 2287 1297 2331 οὐκ
1330 2284 1390 2331 ἂν
1423 2285 1571 2343 φαίην
1607 2287 1717 2342 ὑμῖν
1752 2287 1820 2330 Va

248 2350 274 2390 5
308 2362 361 2402 με
386 2347 431 2390 Β
483 2362 570 2414 μοι
604 2346 671 2389 Va
808 2348 835 2387 8
865 2361 924 2388 τα
956 2345 1069 2389 άλλα
1104 2346 1147 2390 V
1199 2346 1344 2390 πάλαι
1370 2347 1414 2390 Β
1551 2350 1575 2388 9
1613 2345 1717 2400 περὶ
1751 2346 1820 2389 Va

250 2409 303 2449 10
335 2421 383 2450 τε
408 2404 571 2461 scripsi
632 2419 681 2460 γε
703 2402 1005 2448 CrHBMVa
1028 2404 1131 2448 Mor
1191 2419 1266 2449 om
1290 2406 1332 2450 V
1349 2405 1416 2448 Re
1541 2409 1592 2448 11
1627 2405 1778 2460 καὶ(1)
1799 2418 1874 2447 om
1893 2405 1938 2448 Β

251 2464 256 2522 Ι
292 2465 446 2519 ἐξεῦρε
477 2462 521 2508 τί
545 2463 644 2507 ΗΒ
767 2467 819 2505 12
854 2457 912 2517 ἦν
946 2464 1013 2508 Va
1039 2465 1046 2520 Ι
1075 2463 1308 2522 μάχεσθαι
1345 2465 1398 2539 V
1413 2464 1479 2507 Re
1542 2463 1772 2519 scriptura
1803 2463 1852 2506 in
1880 2463 1940 2508 Gr

246 2524 426 2568 incerta
548 2526 601 2566 17
635 2520 718 2578 μὲν
753 2522 821 2565 Va
855 2523 861 2578 Ι
897 2523 952 2566 οὐ
983 2523 1063 2567 καὶ
1096 2537 1172 2567 om
1205 2525 1273 2567 Va
1307 2525 1314 2580 Ι
1349 2523 1434 2568 οὐκ
1462 2524 1523 2567 M
1549 2522 1651 2565 Mor
1773 2526 1827 2566 18
1859 2522 1938 2566 καὶ

248 2597 322 2627 om
333 2583 498 2627 HBM
520 2584 527 2639 Ι
556 2539 854 2638 ἐφθέγξασθε(
870 2581 990 2625 CrH
1043 2580 1401 2639 ἐκφθέγξασθαι
1413 2584 1473 2626 Μ
1481 2583 1548 2626 Va
1571 2581 1672 2626 Mor
1778 2585 1833 2624 20
1858 2581 1938 2625 καὶ

249 2642 337 2698 γὰρ
370 2641 428 2700 εἰ]
464 2641 505 2685 εἰ
529 2640 615 2697 γὰρ
650 2640 751 2683 Mor
872 2644 925 2682 21
961 2641 1169 2697 κάγαθοὶ
1193 2641 1357 2698 scripsi
1383 2654 1406 2684 e
1434 2641 1594 2686 OrHB
1656 2641 1736 2685 καὶ
1759 2641 1818 2697 ἀγ
1822 2638 1938 2683 asez

256 2701 436 2745 VMVa
459 2700 549 2744 edd
578 2701 584 2756 Ι
612 2699 859 2755 σώφρονας
883 2699 928 2742 Β
1057 2706 1111 2743 22
1147 2699 1196 2744 αἱ
1228 2700 1464 2756 συμφοραὶ
1491 2726 1542 2731 -
1573 2704 1672 2753 197,
1693 2705 1714 2743 1
1743 2698 1938 2751 ἀνάξιον

249 2760 400 2803 citant
431 2758 660 2803 Macarius
692 2757 758 2800 fol
785 2761 864 2800 79
897 2760 943 2801 et
985 2759 1251 2815 praemissis
1284 2759 1433 2803 verbis
1472 2757 1682 2832 λιβανίου
1716 2764 1936 2815 σοφιστοῦ

249 2820 411 2862 auctor
440 2817 670 2892 florilegii
682 2815 896 2872 inscripti
919 2815 1415 2874 Απομνημονευμάτων
1447 2817 1497 2861 ἐκ
1529 2816 1772 2873 διαφόρων
1803 2832 1936 2872 ποιη-

247 2885 339 2921 τῶν
371 2893 418 2920 τε
449 2877 529 2921 καὶ
560 2873 766 2934 ρητόρων
798 2875 971 2919 codicis
1007 2877 1275 2921 Baroeoiani
1307 2891 1374 2934 gr.
1402 2881 1485 2921 143
1510 2876 1577 2920 fol
1602 2881 1686 2920 200
1710 2877 1758 2919 in'
1784 2875 1936 2944 capite

246 2937 354 2992 περὶ
378 2934 590 2994 εὐτυχίας
613 2936 693 2979 καὶ
717 2933 963 3001 δυστυχίας
987 2938 1042 2991 (v.
1069 2950 1210 2992 supra
1233 2951 1278 2993 p.
1306 2940 1390 2980 184
1414 2938 1508 2980 not.
1538 2937 1578 2992 1)
1612 2938 1659 2979 et
1682 2935 1936 2991 praemisso
1953 2953 1966 2966 ·
