2044 3168
222 102 329 158 248
622 101 852 149 LIBANII
881 103 1274 148 DECLAMATIO
1306 102 1518 148 XXXVII

223 242 316 293 διὰ
363 242 746 308 συκοφαντίαν
792 240 1019 308 ἀτίμους
1064 248 1158 309 τῆς
1205 239 1435 309 ἀρχαίας
1489 238 1790 292 ἀπολαύειν
1835 241 1917 292 αἰ-
1992 296 1994 308 s

224 329 358 391 δοῦς
411 329 503 382 καὶ
555 325 731 397 μηδὲν
784 337 896 382 τῶν
945 330 1130 382 ἄλλων
1184 327 1476 398 διαφέρειν
1521 330 1652 390 τοὺς
1698 328 1757 380 ἐκ
1806 337 1921 381 τῶν
1949 390 1954 395 ,

225 417 408 470 αὐτῶν
452 420 773 485 γεγονότας,
828 417 967 470 ἀλλὰ
1016 419 1323 479 κοινωνοὺς
1377 413 1520 469 εἶναι
1574 419 1764 485 νόμων
1811 418 1922 484 ἅμα

223 507 313 559 καὶ
352 508 630 568 πολιτείας
668 504 760 558 καὶ
798 507 984 575 μάχης.
1026 504 1436 559 ἐπαινεσάντων
1476 502 1537 558 δὲ
1575 505 1798 558 πάντων
1828 505 1921 559 καὶ

180 616 199 649 5
226 596 525 664 φιλόπολιν
563 591 732 657 αὖθίς
770 615 835 663 με
886 596 978 648 διὰ
1024 602 1196 647 ταῦτα
1242 593 1333 647 καὶ
1385 595 1683 664 δημοτικὸν
1722 594 1921 664 ὀνομα-

227 687 431 749 ζόντων
470 683 657 737 ἐλύετο
697 681 799 751 μὲν
837 689 1048 736 θᾶττον
1087 685 1121 752 ἡ
1161 683 1366 752 ἀτιμία,
1408 685 1822 753 προθυμότεροι
1860 681 1922 737 δὲ

225 769 368 841 ἦσαν
408 774 461 826 οἱ
499 771 826 841 τιμηθέντες
864 773 1044 825 πάντα
1077 773 1274 826 λοιπὸν
1307 774 1414 825 σὺν
1444 773 1578 841 ἡμῖν
1609 772 1924 846 ἀγαπῶντες

225 872 408 914 ποιεῖν
460 881 518 914 τε
571 860 661 914 καὶ
717 862 962 930 πάσχειν.
1036 860 1118 914 15.
1161 863 1543 931 θαρρήσαντες
1598 858 1659 913 δὲ
1712 865 1924 930 μᾶλλον

227 951 382 1020 ἡμεῖς
421 948 510 1003 καὶ
549 952 682 1018 μίαν
722 949 783 1002 ἐν
821 957 992 1003 πᾶσιν
1031 949 1266 1018 ὁρῶντες
1306 951 1559 1019 σπουδὴν
1606 949 1790 1003 οὐκέτι
1830 951 1925 1014 τὰς

162 1061 203 1092 ιο
228 1048 339 1092 τῶν
377 1040 655 1106 πολεμίων
696 1041 839 1092 ἰδεῖν
877 1038 1238 1107 ἀνεμείναμεν
1270 1039 1510 1109 ἐφόδους
1539 1037 1657 1093 οὐδ’
1699 1039 1759 1093 ἐν
1792 1039 1926 1093 ἐκεί-

229 1148 348 1190 νοις
386 1125 527 1181 εἷναι
567 1127 915 1197 παρέσχομεν
953 1128 1014 1180 τὸ
1053 1138 1236 1181 ποιεῖν
1273 1127 1428 1196 ἡμᾶς,
1463 1128 1596 1182 ὅταν
1635 1127 1925 1196 ἐθέλωσιν,

230 1216 545 1287 ἀνδρείους,
593 1219 934 1285 λογιζόμενοι
982 1214 1043 1269 δὲ
1089 1221 1267 1279 καλῶς
1314 1215 1388 1280 ὧς
1434 1219 1488 1270 οἱ
1534 1228 1650 1280 τοῖς
1688 1219 1926 1287 πρώτοις

232 1306 628 1374 στρατεύσασιν
669 1305 1017 1369 ἀντεπιόντες
1053 1305 1145 1359 καὶ
1184 1309 1316 1368 τοὺς
1353 1307 1656 1369 κινδύνους
1702 1308 1781 1369 εἰς
1826 1308 1928 1375 τὴν

233 1393 458 1448 ἐκείνων
496 1396 931 1463 μεταστήσαντες
972 1404 1077 1464 γῆν
1114 1396 1216 1464 τὴν
1254 1393 1315 1448 ἐκ
1353 1403 1450 1463 τῆς
1491 1395 1720 1465 ἀνδρίας
1760 1395 1929 1459 δόξαν

167 1505 207 1537 15
232 1484 364 1553 μετὰ
403 1491 499 1553 τῆς
536 1492 635 1537 τοῦ
676 1485 895 1537 δικαίου
935 1485 1280 1553 λαμβάνουσι
1318 1488 1514 1554 μοίρας
1552 1483 1642 1537 καὶ
1674 1485 1775 1552 τὴν
1808 1484 1930 1553 ἀρε-

233 1573 335 1641 τὴν
374 1573 656 1639 ἄμεμπτον
697 1573 948 1641 αὐτοῖςὴ
988 1574 1174 1642 πρώτη
1218 1574 1504 1626 δείκνυσιν
1544 1575 1763 1642 ἔφοδος,
1803 1581 1931 1626 ταῦ-

233 1681 300 1714 τα
339 1663 544 1724 εἰδότες
577 1660 663 1714 ἐπὶ
697 1663 798 1730 τὴν
837 1660 1067 1715 ἐκείνων
1099 1663 1428 1731 ὡρμήσαμεν
1467 1670 1573 1731 γῆν
1611 1664 1819 1732 μείζονι
1851 1663 1934 1715 δι-

236 1748 393 1813 δάξαι
442 1753 605 1821 πείρᾳ
650 1753 780 1813 τοὺς
827 1751 1099 1819 ἀνοήτους
1139 1751 1538 1814 σπουδάζοντες
1584 1753 1709 1805 οἵαν
1747 1754 1934 1822 θήραν

146 1843 267 1889 RIV
284 1848 370 1888 545
418 1843 711 1908 μετῆλθον.
740 1840 823 1892 16.
842 1841 895 1893 οἱ
920 1839 998 1908 δέ,
1015 1838 1343 1908 κατέπληττε
1364 1838 1368 1903 I
1390 1841 1493 1909 γὰρ
1519 1841 1721 1903 αὐτοὺς
1743 1842 1936 1909 νεότης

171 1949 216 1981 20
240 1929 439 1990 ἄοκνος
462 1930 744 1998 πρόφασιν
763 1929 1041 2000 ῥᾳθυμίας
1066 1929 1167 1981 οὐκ
1190 1926 1411 1997 ἔχουσα,
1427 1930 1627 1998 μικρὸν
1651 1931 1729 1991 εἰς
1753 1939 1938 1998 χεῖρας

238 2016 500 2079 ἐλθόντες
539 2015 627 2069 ἐπὶ
665 2018 812 2070 πόδα
851 2017 1172 2087 ἀνεχώρουν
1212 2019 1392 2085 ὥσπερ
1433 2020 1558 2071 τινὰ
1601 2019 1794 2087 Γοργὼ
1833 2019 1935 2085 τὴν

361 2181 414 2220 19
448 2176 504 2222 cf.
537 2178 572 2220 t.
597 2177 640 2219 II
664 2182 764 2233 256,
783 2182 807 2220 9
932 2183 986 2221 21
1022 2178 1078 2222 cf.
1112 2181 1146 2222 t.
1169 2178 1189 2221 Ι
1216 2183 1392 2233 319,13
1421 2181 1427 2235 Ι
1455 2178 1592 2235 Greg.
1628 2176 1763 2234 Cypr.
1797 2178 1931 2222 antil.

242 2248 383 2292 supra
414 2252 457 2292 p.
486 2240 585 2289 158,
603 2241 629 2280 8

361 2387 384 2426 1
420 2382 738 2438 συκοφαντίας
771 2386 827 2429 Vi
947 2391 974 2428 4
1009 2385 1200 2429 πάντων
1234 2385 1400 2442 scripsi
1431 2399 1486 2428 ex
1511 2385 1733 2429 HViACl
1792 2385 1934 2428 πάλιν

242 2443 435 2487 BVaM
461 2442 552 2485 edd
674 2447 699 2485 5
734 2446 960 2488 διαταῢτα
994 2445 1097 2488 ViB
1132 2447 1139 2500 Ι
1179 2461 1231 2500 με
1263 2446 1373 2500 post}
1405 2441 1726 2499 ὀνομαζόντων
1760 2445 1817 2488 Vi

243 2507 268 2546 9
309 2502 358 2546 ἐν
397 2509 540 2545 πᾶσιν
580 2501 778 2556 ὁρῶντες
816 2503 1027 2559 σπουδὴν
1059 2503 1225 2559 scripsi
1257 2517 1282 2547 e
1315 2503 1668 2548 ViAGzBVaM
1740 2501 1936 2558 ὁρῶντες

243 2563 294 2605 ἐν
325 2568 440 2605 πᾶσι
472 2561 682 2617 σπουδὴν
708 2562 765 2605 Η
820 2561 870 2605 ἐν
901 2569 1015 2605 πᾶσι
1046 2558 1486 2618 σπουδὴν“ὁρῶντες
1517 2561 1608 2606 edd
1636 2565 1641 2615 Ι
1678 2562 1762 2606 οὐκ
1795 2562 1858 2605 ἔτι
1882 2561 1941 2605 Η

363 2624 419 2663 10
452 2619 591 2665 οὐδὲν
614 2622 661 2664 Α
784 2626 835 2664 11
873 2618 992 2677 ὅμως
1025 2622 1082 2665 Vi
1129 2623 1137 2677 Ι
1185 2621 1387 2666 θέλωσιν
1410 2622 1456 2666 Β
1579 2626 1632 2663 12
1665 2622 1855 2676 πρώτως
1884 2620 1939 2664 Ol

365 2684 418 2722 13
453 2679 784 2734 στρατεύμασιν
819 2680 876 2724 Vi
997 2684 1052 2723 14
1087 2688 1179 2724 τῶν
1209 2677 1443 2736 πολεμίων
1473 2681 1580 2736 post
1612 2678 1801 2724 ἐκείνων
1836 2680 1894 2724 Vi
1926 2688 1934 2736 Ι

245 2737 467 2792 ἀνδρείας
495 2739 551 2782 H
557 2739 717 2783 ViACl
729 2739 795 2781 Va
826 2739 907 2783 sed
940 2738 990 2781 in
1020 2739 1109 2783 hoc
1141 2755 1163 2783 ε
1193 2753 1318 2793 eras,
1350 2739 1441 2782 edd
1565 2743 1619 2781 18
1659 2740 1767 2790 τοὺς
1797 2737 1937 2792 ἀνοή-

245 2813 354 2846 τους
384 2811 459 2840 om
485 2797 543 2840 M
591 2800 598 2854 Ι
646 2804 815 2852 πεῖραν
839 2799 898 2842 H
904 2799 958 2841 Vi
1078 2803 1134 2841 20
1166 2799 1244 2842 καὶ
1277 2799 1386 2842 ante
1415 2795 1654 2852 πρόφασιν
1685 2795 1938 2854 (πρόφασις

245 2855 371 2911 Ferr)
395 2857 585 2901 BVaM
613 2856 702 2900 edd
766 2856 916 2900 delevi
950 2859 957 2912 Ι
994 2856 1191 2914 ἔχουσαν
1215 2858 1261 2901 Α
1382 2861 1435 2900 21
1468 2855 1623 2901 πόδασ
1650 2857 1705 2901 ΟΖ
1735 2858 1743 2912 Ι
1777 2857 1937 2913 ἐνεχώ-

248 2931 361 2969 ρουν
384 2915 441 2958 Η
464 2919 469 2970 Ι
497 2914 647 2970 ὥσπερ
674 2942 728 2947 ——
763 2920 864 2970 249,
885 2922 905 2959 1
941 2913 1118 2960 ἀσπίδα
1149 2915 1416 2972 praemissis
1447 2914 1596 2958 verbis
1631 2916 1792 2972 Γοργὼ
1820 2918 1936 2968 Γορ-
