2014 3158
265 147 374 200 406
711 146 894 190 LIBAN
895 146 938 190 11
967 146 1359 192 DECLAMATIO
1392 147 1513 192 XLII

178 289 295 333 RIV
311 293 397 332 463
446 303 551 352 νην
590 283 907 339 ἀποστεῖλαι
948 287 1261 354 πρεσβείαν.
1301 282 1393 337 καὶ
1427 284 1455 338 ὅ
1488 303 1545 338 τε
1579 286 1748 354 δῆμος
1783 286 1790 355 Ι
1825 300 1955 340 συν-

265 374 525 442 εληλύθει
580 372 671 426 καὶ
727 375 802 427 οἱ.
834 372 1179 443 πεμφθέντες
1225 370 1507 444 παρῄεσαν
1553 372 1642 427 καὶ
1689 371 1759 443 ἧν
1807 373 1958 439 ἐλπὶς

263 463 476 516 τούτων
516 463 585 531 δή
623 483 675 516 τι
715 473 827 516 τῶν
871 461 1282 532 ἐπιεικεστέρων
1328 464 1653 531 αἰτήσοντας
1698 463 1956 533 ἀφῖχθαι,

265 544 385 604 οἷον
433 551 598 619 ὅπλα,
647 562 826 620 σῖτον,
876 552 1232 623 στρατιώτας,
1279 553 1340 605 τὸ
1388 561 1500 605 τῶν
1538 553 1807 622 φυγάδων
1845 551 1957 606 τισὶ

220 665 239 698 5
265 641 641 710 διαλλαγῆναι.
716 643 798 695 11.
839 643 996 696 δεινὰ
1035 641 1158 711 μέν,
1199 637 1374 711 οἶμαι,
1421 639 1511 694 καὶ
1558 649 1754 709 ταῦτα,
1799 646 1957 695 πολε-

263 737 473 799 μοῦντα
512 731 816 800 ἄνθρωπον
856 731 1146 803 ἐλευθερίᾳ
1184 729 1275 783 καὶ
1306 732 1497 800 νόμοις
1528 741 1643 794 τοῖς
1672 732 1806 799 μετὰ
1836 733 1958 785 τού-

263 839 373 872 των
413 823 508 888 ζῆν
555 820 907 890 αἱρουμένοις
953 818 1091 890 ὑπὲρ
1139 829 1238 874 τοῦ
1286 840 1435 882 τινος
1481 830 1668 888 τυχεῖν
1715 819 1957 888 διαλέγε-

265 914 425 977 σθαι,
473 910 616 978 ὅμως
664 907 725 963 δὲ
770 906 841 978 ἧν
888 911 957 964 ἄν
1003 929 1086 972 τις
1133 909 1280 981 αὐτῷ
1335 911 1512 977 λόγος.
1568 908 1597 963 ὁ
1645 910 1706 963 δὲ
1757 913 1815 963 τί
1865 911 1959 963 διὰ

263 1007 375 1050 τῶν
419 997 727 1067 πρέσβεων,
776 993 818 1052 ὦ
861 1001 939 1068 Γῆ
986 997 1075 1052 καὶ
1112 997 1272 1052 ’Ἠλιε
1322 997 1413 1051 καὶ
1459 999 1627 1069 πικρὰ
1680 1007 1775 1068 τῆς
1829 998 1958 1068 ἐμῆς

198 1115 240 1147 10
264 1087 438 1150 οἰκίας
477 1091 688 1158 Μοῖρα;
744 1087 967 1158 ἐπειδὴ
1021 1089 1221 1159 χαίρω
1276 1088 1392 1158 μὲν
1446 1086 1566 1155 ἐγὼ
1628 1096 1772 1151 ταῖς
1832 1097 1958 1142 τῶν

263 1179 626 1247 μειρακίων
665 1177 901 1247 μίξεσι,
941 1177 1166 1248 τρέφει
1206 1176 1278 1230 δέ
1314 1197 1411 1240 τις
1441 1173 1581 1246 παρ’
1621 1177 1777 1247 ὑμῖν
1807 1178 1957 1231 υἱὸν

262 1267 468 1336 πατὴρ
524 1259 668 1320 οἷον
722 1266 963 1321 οὐδένα
1017 1265 1237 1329 οὐδεὶς
1291 1265 1359 1319 ἐν
1414 1267 1693 1338 οὐδεμιᾷ
1747 1269 1955 1334 πόλει,

263 1353 354 1408 καὶ
409 1349 524 1408 εἷπε
571 1358 695 1411 τίνα
749 1355 839 1410 καὶ
893 1358 1069 1426 τίνος,
1123 1355 1414 1424 πέμψατέ
1463 1375 1572 1424 μοι
1633 1357 1745 1409 τὸν
1806 1355 1957 1410 νέον

263 1446 661 1514 πεισόμενον
701 1446 730 1499 ὅ
778 1466 837 1499 τι
885 1444 962 1499 ἂν
1010 1444 1151 1514 ἐμοὶ
1200 1447 1372 1516 δοκῇ.
1446 1446 1525 1498 12.
1568 1445 1673 1514 ἐγὼ
1712 1442 1814 1513 μὲν
1853 1441 1957 1499 οὖν

198 1559 240 1593 15
267 1532 354 1587 ἐπὶ
401 1535 619 1598 τούτοις
667 1536 1160 1604 συγκαλυψάμενος
1213 1535 1304 1588 καὶ
1357 1533 1581 1604 πληγεὶς
1626 1536 1727 1604 τὴν
1772 1536 1958 1604 ψυχὴν

265 1625 488 1693 ἄφωνος
542 1621 602 1677 ἐν
656 1633 771 1688 τοῖς
824 1634 935 1678 τῶν
990 1627 1171 1693 φίλων
1223 1623 1444 1694 ἐκείμην
1503 1627 1699 1692 γόνασι
1758 1624 1958 1693 μικρὸν

263 1717 568 1776 τεθνεῶτος
606 1712 906 1784 διαφέρων,
946 1716 1101 1782 μόλις
1132 1715 1540 1782 αἰσθανόμενος
1570 1720 1669 1766 τοῦ
1701 1713 1956 1783 θορύβου

265 1801 331 1855 ὃν
384 1803 538 1872 ὑμεῖς
593 1804 979 1872 αἰσχυνόμενοι
1039 1804 1141 1871 μὲν
1195 1804 1389 1871 θεούς,
1452 1804 1840 1871 αἰσχυνόμενοι
1895 1799 1956 1856 δὲ

265 1890 559 1960 ἀλλήλους,
607 1893 996 1962 αἰσχυνόμενοι
1037 1889 1098 1946 δὲ
1137 1893 1239 1962 τὴν
1278 1892 1452 1961 φύσιν
1500 1890 1822 1962 ἐθορυβεῖτε
1864 1890 1955 1945 καὶ

198 2006 242 2038 20
265 1987 436 2033 ταῦτα
473 1980 839 2050 προσθέντων
878 1981 1104 2035 ἐκείνων
1144 1983 1239 2050 ὡς,
1291 1982 1343 2034 εί
1379 1982 1451 2049 μὴ
1491 1982 1550 2034 τὸ
1592 1990 1746 2050 σῶμα
1784 1999 1955 2051 παρα-

265 2070 467 2139 δοίητε,
506 2073 903 2140 πολεμήσεσθε,
944 2073 1187 2138 οἰόμενοι
1226 2078 1300 2141 τῷ
1351 2072 1506 2142 φόβῳ
1553 2078 1648 2139 τῆς
1694 2068 1956 2139 ὑμετέρας

385 2236 409 2274 9
443 2230 500 2275 cf.
534 2231 593 2274 ad
625 2233 658 2275 t.
693 2231 756 2275 VI
779 2236 879 2288 273,
899 2236 923 2275 3
1046 2236 1099 2275 21
1137 2230 1262 2276 Dem.
1297 2230 1515 2276 Aristocr.
1548 2246 1593 2287 p.
1621 2234 1721 2286 657,
1739 2235 1779 2275 8.
1812 2229 1954 2275 Thuc.

264 2290 285 2334 Ι
311 2295 381 2347 68,
400 2294 446 2344 3;
479 2290 587 2334 VIII
609 2295 725 2345 43‚2

385 2428 439 2468 21
473 2423 582 2468 δέον
607 2421 749 2474 οὕτως
774 2424 942 2468 εἰπεῖν·
976 2423 999 2468 ὁ
1034 2423 1092 2469 δὲ
1123 2422 1174 2468 τί
1206 2423 1300 2469 διὰ
1331 2431 1436 2468 τῶν
1467 2423 1753 2481 πρέσβεων
1785 2422 1952 2477 αἰτεῖς

387 2563 408 2601 1
444 2555 518 2602 ὅτε
553 2558 609 2601 Vi
751 2562 776 2599 3
811 2556 870 2611 δή
902 2571 976 2601 om
1003 2557 1054 2602 cl
1103 2559 1110 2613 Ι
1159 2573 1203 2601 τι
1234 2563 1325 2601 τῶν
1358 2556 1701 2612 ἐπιεικεστέρων
1735 2557 1779 2600 V
1803 2555 1884 2600 sed
1915 2558 1952 2599 τ”

199 2647 222 2669 a
266 2618 314 2660 et
345 2633 409 2660 ων
441 2615 490 2660 in
528 2629 604 2660 ras
637 2615 707 2660 m'
781 2632 921 2661 τινων
960 2615 1302 2671 ἐπιεικεστέρων
1330 2616 1389 2661 Or
1463 2632 1603 2660 τινων
1642 2614 1954 2670 ἐπιεικέστερα

265 2676 322 2719 Η
391 2691 498 2720 τινα
538 2673 848 2729 ἐπιεικέστερα
875 2677 912 2721 Ο
948 2676 1059 2720 Ferr
1097 2678 1144 2720 et
1179 2693 1232 2732 γρ
1265 2675 1314 2718 in
1346 2688 1479 2732 marg
1510 2674 1612 2719 Mor
1753 2679 1780 2717 4
1819 2673 1876 2718 τὰ
1903 2673 1956 2719 Ol

386 2739 412 2778 5
445 2733 571 2789 οἴμοι
598 2734 948 2780 OrHCLaViOl
959 2736 1027 2780 Va
1059 2735 1169 2779 Ferr
1209 2736 1255 2779 et
1294 2751 1347 2791 γρ
1380 2733 1429 2777 in
1460 2747 1594 2792 marg
1624 2734 1725 2777 Mor
1801 2731 1854 2776 οἷ’
1876 2749 1954 2789 μοι

276 2794 320 2837 V
450 2798 474 2836 6
507 2800 604 2845 τοῖς
635 2807 710 2837 om
737 2794 939 2839 GrHVO
966 2794 1077 2837 Ferr
1218 2797 1244 2836 8
1277 2809 1345 2844 τις
1377 2807 1452 2837 om
1478 2795 1539 2837 M
1679 2797 1703 2835 9
1737 2793 1847 2848 ἐμῆς
1877 2805 1952 2835 om
2013 2792 2014 2824 ἶ

270 2853 400 2898 OlVa
522 2857 576 2896 10
609 2856 768 2908 Μοῖρα
802 2852 966 2908 scripsi
1027 2861 1166 2909 μοῖρα
1191 2850 1348 2909 (μοίρα
1374 2852 1494 2897 GrH
1498 2853 1555 2897 Vi
1565 2853 1648 2908 Va)
1673 2850 1786 2895 libri
1817 2850 1908 2893 edd
1941 2851 1948 2906 1

268 2926 380 2968 φησι
411 2913 519 2967 post
551 2911 636 2967 ἐγώ
663 2913 806 2956 LaVi
927 2917 978 2955 11
1014 2911 1185 2967 μείζοσι
1226 2915 1232 2966 1
1270 2910 1414 2967 τρέφη
1439 2912 1515 2955 La
1637 2915 1690 2955 13
1724 2905 1853 2954 εἶπεν
1878 2910 1952 2953 La

389 2975 441 3013 14
467 2969 536 3015 ὅτι
554 2971 611 3015 Vi
622 2972 690 3016 Va
797 2974 849 3013 18
868 2969 1192 3027 αἰσχυνόμενοι
1209 2969 1260 3014 δὲ
1278 2970 1498 3026 ἀλλήλους
1514 2983 1588 3013 om
1607 2970 1651 3015 V
1748 2973 1802 3012 21
1820 2970 1952 3013 πολε-
