2044 3168
434 132 681 177 IUVENIS
713 132 926 178 FORTIS
957 132 1178 177 DIVITIS
1209 131 1514 177 APOLOGIA
1712 132 1817 185 249

119 269 255 338 ἐμὴν
294 268 533 338 ὁρῶντες
565 268 784 322 ἀσπίδα.
827 268 1014 336 ἐπειδὴ
1055 265 1115 321 δὲ
1154 276 1301 321 πᾶσα
1332 266 1434 334 μὲν
1474 269 1656 321 αὐτῶν
1695 289 1819 322 κατ-

121 360 343 426 είληπτο
405 358 581 428 χώρα,
644 359 876 427 φεύγειν
938 355 999 410 δὲ
1061 353 1193 410 οὐδὲ
1247 357 1607 424 βουλομένοις
1670 356 1820 427 ἐνῆν,

120 449 479 515 μηχανήματα
519 443 579 499 δὲ
617 447 751 516 ἡμῖν
796 446 1093 516 ἡτοίμαστο
1141 444 1233 498 καὶ
1280 447 1416 499 κατὰ
1461 455 1561 500 τοῦ
1607 451 1821 517 τείχους

123 535 152 588 ὁ
207 536 445 604 πόλεμος
497 532 592 604 ἦν,
647 533 900 604 ἔγνωσαν
955 535 1088 605 ὅπερ
1145 534 1324 604 ἐχρῆν.
1378 539 1664 604 πρεσβεῖαι
1716 538 1821 604 γὰρ

123 624 298 687 εὐθὺς
337 625 474 694 πρὸς
513 624 653 692 ἡμᾶς
689 626 781 678 καὶ
822 627 977 692 λόγοι
1017 625 1267 678 ταπεινοὶ
1304 625 1395 677 καὶ
1436 627 1692 694 φρόνημα
1730 626 1820 695 μέ-

123 733 281 782 τριον
319 712 410 766 καὶ
451 712 650 767 πολλαὶ
689 722 801 766 τῶν
839 721 1011 766 ταῦτα
1049 714 1362 766 πεισάντων
1401 714 1604 777 αὐτοὺς
1643 725 1823 769 ποιεῖν

123 798 266 870 ἦσαν
304 804 640 871 κατηγορίαι.
710 802 791 854 17.
832 803 986 871 ἡμεῖς
1025 800 1104 870 δέ,
1144 802 1550 871 φιλάνθρωπος
1588 805 1692 875 γὰρ
1732 804 1821 858 καὶ

123 893 263 960 πρὸς
302 889 549 954 ἐκείνους
587 890 615 943 ὁ
658 892 853 959 δῆμος,
900 893 1032 953 τοὺς
1070 891 1175 943 ἀπὸ
1226 900 1339 944 τῶν
1376 901 1573 961 τειχῶν
1610 911 1823 960 προτει-

126 979 396 1047 νομένους
434 980 742 1048 ἠλεήσαμεν
779 981 1006 1048 παῖδας,
1052 983 1183 1042 τοὺς
1229 982 1470 1044 πολλοὺς
1514 991 1626 1035 τῶν
1664 982 1824 1036 πατέ-

128 1090 242 1139 ρων
305 1065 638 1141 ᾠκτείραμεν
699 1071 950 1138 θρήνους
1011 1067 1102 1122 καὶ
1166 1071 1422 1138 νεότητος
1483 1068 1824 1139 ἐφεισάμεθα

129 1159 440 1227 δυστυχοῦς
479 1157 532 1222 ἐξ
582 1157 849 1228 ἀβουλίας
898 1159 1067 1211 πάλαι
1114 1158 1554 1228 θρασυνομένης.
1609 1160 1827 1228 γενομέ-

129 1268 246 1300 νων
285 1244 346 1300 δὲ
386 1257 498 1300 τῶν
538 1248 798 1301 σπονδῶν
836 1246 928 1300 καὶ
960 1255 1059 1300 τοῦ
1093 1248 1271 1316 δήμου
1305 1252 1563 1318 λαμπρῶς
1603 1251 1696 1303 διὰ
1726 1251 1829 1318 τὴν

130 1336 267 1407 ἐμὴν
320 1336 488 1390 πάλιν
544 1337 1003 1407 ἀναχωρήσαντος
1058 1340 1220 1406 νίκην
1274 1340 1456 1406 τρίτος
1509 1339 1642 1407 ἡμῖν
1702 1337 1827 1407 περὶ

132 1427 341 1496 δωρεᾶς
398 1425 610 1495 ἐγίνετο
667 1429 829 1494 λόγος
882 1426 973 1479 καὶ
1023 1426 1051 1480 ὁ
1099 1426 1225 1497 περὶ
1271 1435 1372 1480 τοῦ
1427 1426 1599 1496 γέρως
1648 1427 1829 1496 ἀνεγι-

131 1516 371 1568 νώσκετο
411 1516 593 1584 νόμος.
667 1516 747 1568 18.
788 1518 885 1568 καί
925 1535 1006 1578 τις
1052 1525 1166 1569 τῶν
1212 1515 1273 1569 ἐν
1312 1515 1457 1589 μέσω
1496 1515 1830 1587 καθημένων

132 1605 388 1658 τοιούσδε
427 1606 564 1674 πρὸς
604 1602 695 1674 ε’με
736 1603 1048 1674 διεξήρχετο
1089 1607 1313 1673 λόγους·
1355 1606 1563 1676 ἡμεῖς,
1603 1602 1645 1659 ὦ
1686 1625 1831 1674 γεν-

134 1697 462 1762 ναιότατε,
516 1695 724 1747 πολλὰ
776 1692 882 1748 καὶ
937 1695 1098 1747 καλα
1151 1696 1480 1758 παθόντες
1533 1695 1656 1749 ὑπὸ
1713 1703 1831 1749 σοῦ

136 1783 331 1836 οὐδὲν
384 1782 540 1846 τέως
593 1785 707 1836 τὸν
762 1785 879 1837 σὸν
940 1783 1370 1852 ὠφελήσαμεν
1433 1778 1619 1837 οἷκον
1680 1784 1833 1838 οὐδὲ

137 1873 390 1941 δωρεὰν
420 1869 626 1941 ἔσχες,
652 1871 811 1925 ἀλλὰ
843 1874 1045 1941 μόνος
1076 1883 1204 1925 τῶν
1236 1873 1558 1943 ἀριστέων
1588 1875 1833 1943 μεγάλα

138 2070 249 2120 γοῦς
279 2061 487 2117 Αττικοί,
523 2064 683 2120 Γοργὼ
725 2061 775 2107 δε
810 2062 1044 2121 Γοργόνος
1083 2063 1240 2116 ἅπλῶς
1261 2063 1489 2120 ’Ἕλληνες
1524 2064 1747 2123 Λιβάνιος
1786 2066 1835 2109 ἐν

138 2129 193 2180 τῇ
241 2121 400 2181 μελέτῃ
448 2129 530 2167 τοῦ
576 2122 900 2179 τρισαριστέως
946 2123 1064 2167 citat
1109 2123 1312 2168 Thomas
1356 2124 1480 2181 Mag
1523 2139 1556 2167 s.
1589 2139 1627 2167 v.
1675 2125 1835 2180 Γοργὼ

448 2199 503 2239 γε)
537 2183 686 2239 γοργὼ

139 2257 186 2298 p.
213 2245 283 2295 76,
301 2246 326 2284 5
345 2241 386 2285 R
412 2242 418 2298 Ι
446 2242 604 2298 μορμὼ
630 2243 676 2286 Α
737 2242 894 2298 μορμὼ
924 2242 975 2286 Ul

263 2305 288 2343 2
323 2299 608 2374 βουλομένην
639 2301 752 2344 Fert
782 2301 884 2345 Mor
915 2301 997 2344 sed
1028 2301 1078 2344 in
1108 2301 1196 2345 hoc
1229 2318 1284 2358 γρ
1310 2300 1592 2369 βουλομένης
1623 2301 1671 2345 in
1704 2314 1838 2358 marg

263 2364 288 2403 3
319 2359 431 2416 ἡμῖν
464 2374 539 2404 om
563 2362 609 2404 A
745 2364 772 2402 4
805 2358 909 2410 ὅλος
940 2362 1050 2405 ante
1075 2360 1100 2405 ὁ
1127 2362 1191 2406 Μ
1217 2360 1308 2405 edd
1371 2360 1525 2404 delevi
1660 2365 1686 2404 5
1719 2361 1839 2416 ὑμᾶς

142 2419 189 2464 A
220 2418 288 2462 Re
410 2423 435 2462 7
468 2417 755 2476 παρηγορίαι
784 2419 948 2463 Jacobs
981 2420 1096 2464 Loci:
1143 2423 1150 2477 Ι
1200 2419 1289 2477 γὰρ
1321 2434 1397 2464 om
1431 2421 1489 2464 Vi
1616 2424 1643 2463 8
1673 2419 1838 2477 τείχων

144 2479 203 2523 Η
319 2483 373 2523 10
406 2476 750 2551 ᾧκτειρήσαμεν
772 2479 877 2523 ACl
924 2481 930 2534 Ι
979 2476 1188 2535 θρόνους
1221 2480 1278 2524 Vi
1415 2483 1467 2522 11
1501 2478 1643 2524 πάλιν
1670 2480 1722 2524 cl

146 2542 202 2581 12
234 2540 392 2582 ποδῶν
414 2524 461 2581 'A
585 2542 639 2581 13
671 2537 815 2582 παλιν
838 2537 919 2582 διὰ
942 2537 1027 2594 τὴν
1051 2538 1167 2595 ἐμὴν
1182 2539 1281 2585 AC'l
1307 2539 1314 2597 Ι
1341 2539 1452 2594 ὑμῖν
1468 2539 1570 2584 AGl
1582 2540 1650 2584 Va
1677 2541 1684 2594 Ι
1711 2537 1840 2593 παρὰ

148 2597 201 2642 Gl
337 2601 392 2639 14
424 2596 630 2654 ἐγίγνετο
664 2599 785 2642 ViM
813 2597 903 2640 edd
954 2598 960 2654 Ι
1010 2597 1034 2641 ὁ
1067 2612 1144 2642 om
1170 2597 1223 2642 Ol
1360 2603 1414 2641 15
1445 2598 1527 2642 καὶ
1556 2596 1626 2648 τίς
1658 2599 1716 2642 Vi

149 2660 203 2699 16
234 2652 402 2706 ποίους
425 2657 477 2700 δὲ
495 2657 554 2700 Vi
580 2659 588 2713 Ι
613 2656 744 2713 ἡμεῖς
768 2682 825 2689 -
852 2661 905 2700 17
938 2663 1024 2701 σοῦ
1047 2657 1318 2714 praemissis
1341 2657 1494 2701 verbis
1527 2654 1633 2702 ὑπὸ
1665 2653 1839 2712 πρόθε-

149 2729 219 2766 σις
253 2714 334 2758 καὶ
372 2715 449 2759 ἐπὶ
489 2716 678 2772 ἀγαθοῦ
717 2712 914 2759 τίθεται.
954 2716 1182 2774 Λιβάνιος
1220 2716 1338 2760 citat
1368 2716 1511 2759 Andr
1544 2715 1718 2772 Lopad.
1750 2715 1837 2757 lex

147 2773 349 2817 Vindob.
374 2787 409 2817 s.
433 2788 474 2819 v.
498 2774 653 2830 ὑπὸρ
696 2779 837 2827 179,1
865 2774 936 2817 ed.
962 2774 1131 2819 Nauck
1253 2779 1306 2818 17
1340 2776 1420 2818 καὶ
1453 2789 1529 2819 om
1560 2775 1722 2832 Lopad

151 2837 207 2876 18
231 2831 533 2888 ὠφελήσαμεν
557 2831 689 2878 οἶκον
712 2833 877 2889 scripsi
901 2848 958 2878 ex
973 2834 1030 2877 Η
1037 2834 1243 2880 ῩιΑΟῑΒ
1253 2835 1325 2879 Va
1385 2833 1685 2889 ὠφελήκαμεν
1710 2829 1842 2876 οἶκον

151 2893 216 2938 Μ
270 2890 572 2948 ὠφελήκαμεν
603 2892 751 2948 δόμον
781 2892 874 2936 edd
899 2893 981 2936 sed
1003 2911 1059 2950 γρ
1085 2890 1255 2938 οἷκον
1242 2908 1292 2936 m
1314 2908 1449 2950 marg
1472 2893 1573 2936 Mor
1695 2896 1749 2935 19
1782 2889 1842 2934 &a

149 2952 258 3007 post
287 2950 412 3008 ἔσχες
436 2952 784 2996 HViAOlBVa
816 2951 896 2994 sed
928 2951 978 2995 in
1003 2911 1155 2995 hoc*
1129 2969 1189 2996 αν
1222 2965 1324 2995 eras

1854 1091 1892 1122 10

1856 1535 1896 1568 15
