2044 3168
28 90 112 135 AD
143 88 644 134 ANTECEDENTEM
674 87 1203 132 DECLAMATIONEM
1234 86 1567 133 ANTILOGIA
1616 87 1721 140 159

28 227 358 296 χαλεπαίνῃς
380 223 591 294 βαρέως
622 225 722 277 τὸν
754 225 923 291 λόγον
955 225 1261 293 δεχόμενος.
1295 223 1324 277 ὃ
1357 231 1498 292 γοῦν
1530 223 1722 292 ἐρήσο-

25 334 147 385 μαι,
186 315 250 367 τί
294 314 776 382 διανοούμενος
813 311 919 366 καὶ
958 314 1021 365 τί
1063 313 1303 379 μετιὼν
1348 312 1721 381 ὑφειλόμην

25 411 141 457 τοῦ
179 403 469 456 πλούτου
509 400 614 455 καὶ
665 403 782 470 τὴν
828 404 1060 470 ζημίαν
1107 400 1449 471 ἐπήνεγκας
1496 401 1636 470 εἰπέ,
1677 399 1719 454 ὦ

25 493 162 563 πρὸς
201 497 367 559 θεοῦ,
420 493 467 544 εἰ
507 487 568 543 δε
616 493 714 560 μή,
761 490 945 560 ἕτερος
992 489 1114 543 ἀντὶ
1162 498 1265 543 σοῦ
1312 493 1717 559 κληρονομείτω

24 589 126 635 τοῦ
181 583 376 649 λόγου,
431 582 494 633 τί
545 580 706 643 ὅλως
761 581 933 647 δρῶν
986 588 1112 632 τῶν
1167 578 1719 648 ἀπηγορευμένων
1765 600 1784 633 5

25 672 119 732 εἰς
172 668 443 723 ἔλαττον
495 670 570 722 τὰ
623 670 700 722 σὰ
751 667 1171 737 περιέστησα;
1229 669 1470 731 ἵππους
1516 668 1718 721 ὠνού-

24 779 243 830 μενος,
301 760 704 828 ίπποτροφίᾳ
771 759 1275 827 προσκείμενος,
1346 756 1718 824 ἀσωτεύων,

22 847 355 916 κωμάζων,
394 848 799 918 παρασίτους
838 847 1123 916 τρέφων,
1170 848 1445 909 κόλακας
1485 845 1717 914 ἐπαγό-

20 956 238 1007 ,μενος;
294 935 409 989 ἀλλ’
466 934 649 999 οὐδεὶς
703 934 1071 1004 ἀποκρίνεται.
1133 934 1239 1004 ἐγὼ
1295 932 1355 987 δὲ
1409 933 1502 987 καὶ
1551 935 1717 998 αὐτὸς

16 1035 22 1090 ᾗ
65 1028 321 1095 οιήσομαι
361 1026 461 1078 τὸν
499 1024 798 1093 ἀπόλογον,
831 1021 872 1078 ὦ
905 1024 1094 1095 πάτερ,
1126 1023 1217 1077 καὶ
1249 1024 1393 1091 μάλα
1423 1044 1486 1092 γε
1518 1024 1716 1093 ἀληθῆ.
1742 1047 1784 1078 10

22 1114 191 1168 οὐδὲν
231 1116 364 1168 ἄλλο
403 1134 466 1183 γε
504 1116 640 1167 κατὰ
676 1121 817 1167 νοῦν
858 1113 1113 1183 στρέφων
1160 1114 1292 1166 οὐδὲ
1338 1115 1718 1182 πραγματευό-

16 1222 186 1279 μενος
231 1203 264 1272 ἢ
304 1204 451 1266 ὅπως
501 1205 768 1272 δεσπότης
807 1202 921 1271 εἴης
959 1200 1050 1255 καὶ
1099 1198 1268 1266 αὖθις
1313 1211 1426 1255 τῶν
1472 1212 1587 1255 σῶν
1625 1200 1716 1254 καὶ

21 1293 124 1361 τὴν
161 1294 388 1363 κυρείαν
422 1290 585 1362 ἔχοις,
626 1293 699 1355 ὡς
730 1291 834 1345 κάν
865 1302 980 1355 τοῖς
1011 1293 1124 1345 ἄνω
1156 1300 1382 1360 καιροῖς.
1426 1291 1513 1344 36.
1545 1299 1717 1344 ταῦτα

14 1382 174 1434 ,ἔστιν
204 1379 342 1452 ὑπὲρ
379 1377 457 1435 ὧν
489 1380 729 1451 εὐξάμην
760 1381 851 1434 καὶ
881 1382 944 1435 τὸ
975 1382 1248 1434 τάλαντον
1279 1379 1581 1450 ἀφιέρωσα,
1614 1380 1716 1450 οὐχ

20 1469 95 1533 ὡς
128 1469 341 1534 ἐπάξων
373 1472 584 1540 ζημίαν,
610 1466 726 1524 ἀλλ’
757 1471 831 1534 ὡς
854 1471 915 1523 τὸ
947 1471 1280 1523 τελεώτατον
1312 1469 1571 1523 ἁπάντων
1595 1489 1714 1539 κερ-
1739 1490 1781 1524 15

20 1559 137 1612 δῶν
167 1557 523 1629 προξενήσων
555 1557 673 1613 οὐδ’
707 1559 782 1622 ὡς
813 1560 1076 1627 λυπήσων
1108 1556 1168 1612 σὲ
1203 1559 1302 1612 τὸν
1332 1558 1554 1628 πατέρα,
1587 1558 1716 1612 ἀλλ’

14 1668 94 1711 ,νς
146 1650 402 1718 μεγίστης
462 1654 637 1711 αἴτιος
689 1648 1044 1718 εὐφροσύνης
1095 1646 1380 1716 ὑπάρξων,
1443 1648 1593 1717 εἴπερ
1651 1651 1713 1702 τὸ

14 1726 189 1806 ὧγιῶς
235 1740 332 1805 ζῆν
376 1736 638 1806 μέγιστον
684 1739 762 1800 εἰς
807 1737 1158 1807 εὐφροσύνης
1203 1737 1494 1804 ὑπόθεσιν.
1548 1736 1581 1805 ἢ
1631 1740 1715 1800 τίς

14 1826 88 1907 ᾖν
129 1840 214 1894 σε,
252 1827 449 1895 πάτερ,
497 1825 584 1880 ἐπὶ
631 1828 809 1898 τούτῳ
858 1827 1192 1895 δυσχερᾶναι
1239 1824 1391 1898 ᾠήθη
1446 1827 1534 1879 καὶ
1590 1841 1714 1880 τοσ-

14 1906 188 1975 ζῦτον
235 1916 307 1978 ὡς
351 1917 442 1969 καὶ
488 1913 613 1985 παρ’
661 1914 795 1984 ἐμοῦ
844 1916 1003 1984 δίκην
1052 1915 1270 1969 ἐθέλειν
1309 1915 1635 1984 λαμβάνειν,
1676 1908 1779 1988 ᾧεο

14 2003 338 2076 ὀυλομένῳ
379 2019 467 2058 σοι
513 2006 579 2057 τὰ
626 2006 811 2058 δίκαια
859 2005 1001 2073 δρᾶν
1048 2004 1149 2057 οὐκ
1195 2004 1265 2057 ἂν
1316 2000 1455 2073 εἶχες
1508 2005 1712 2075 ῥᾳδίως

19 2092 85 2144 ὰ
123 2093 305 2145 εἰκότα
344 2093 711 2162 εὐχαριστεῑν;
773 2093 860 2145 37.
901 2094 948 2146 εἰ
989 2089 1049 2145 δὲ
1095 2094 1167 2162 μὴ
1214 2102 1480 2156 τοσοῦτος
1522 2092 1582 2146 ἐκ
1621 2095 1711 2147 νό-

31 2200 122 2233 ov
162 2179 195 2248 ἢ
234 2182 491 2235 τοιούτου
531 2183 681 2244 τινὸς
719 2182 938 2243 πάθους
976 2182 1250 2250 ἠπειλεῑτό
1298 2195 1388 2235 σοι
1430 2183 1710 2249 κίνδυνος,

22 2271 312 2338 ολεμίους
367 2270 427 2323 δὲ
484 2270 688 2339 συνέβη
741 2271 1010 2338 λαβόντας
1062 2267 1123 2323 ἔκ
1165 2290 1317 2333 τινος
1370 2271 1559 2340 τύχης,
1622 2263 1711 2324 οἶα

20 2359 193 2411 ολλὰ
232 2357 347 2411 κατ’
394 2358 731 2429 ἀνθρώπους
777 2360 1095 2428 συμβαίνει,
1143 2361 1220 2422 εἰς
1268 2360 1528 2413 δουλείαν
1575 2359 1710 2412 ἀπά-
1734 2378 1776 2411 25

20 2464 161 2514 ειν,
218 2442 300 2515 ἀρ’
364 2443 467 2501 οὖν
519 2446 709 2515 ἠξίους
763 2444 854 2516 ἐμὲ
906 2446 1208 2518 ἐλεύθερον
1270 2444 1371 2514 μὲν
1433 2450 1709 2517 περιόντα,

22 2535 309 2603 ρημάτων
355 2533 416 2589 δὲ
463 2537 661 2606 κύριον
706 2535 1022 2605 ὑπάρχοντα
1067 2537 1160 2589 καὶ
1206 2542 1451 2590 πλοῦτον
1494 2540 1709 2605 περιβε-

7 2622 292 2691 Ἰιῗλημένον
330 2625 542 2694 μακρὸν
579 2621 753 2692 μηδὲν
790 2624 928 2694 ὑπὲρ
970 2632 1070 2678 σοῦ
1109 2626 1199 2678 καὶ
1230 2633 1326 2693 τῆς
1357 2633 1456 2694 σῆς
1487 2624 1708 2678 ἐλευθε-

23 2712 140 2773 ίας
192 2711 318 2781 μηδ’
380 2713 584 2781 ὀβολὸν
636 2713 889 2783 προϊέναι
957 2712 1068 2767 δέει
1129 2722 1229 2767 τοῦ
1283 2715 1356 2783 μὴ
1412 2712 1708 2768 ἐλαττῶσαι

46 2827 50 2835 ’
138 2846 191 2885 12
218 2842 314 2899 εἴης
331 2843 495 2900 scripsi
556 2838 610 2900 ἧς
627 2844 725 2887 LV
841 2848 894 2887 13
921 2841 1011 2888 κᾶν
1028 2845 1071 2887 L
1195 2849 1248 2888 19
1275 2843 1587 2902 δυσχεράναιν
1605 2845 1648 2887 L

29 2901 297 2958 υσχεράναι
329 2904 373 2947 V
