<?xml version="1.0" encoding="UTF-8"?>
<!DOCTYPE html PUBLIC "-//W3C//DTD XHTML 1.0 Transitional//EN"
    "http://www.w3.org/TR/xhtml1/DTD/xhtml1-transitional.dtd">
<html xmlns="http://www.w3.org/1999/xhtml" xml:lang="en" lang="en">
 <head>
  <title>
</title>
<meta http-equiv="Content-Type" content="text/html;charset=utf-8" />
  <meta name='ocr-system' content='tesseract 3.04.00' />
  <meta name='ocr-capabilities' content='ocr_page ocr_carea ocr_par ocr_line ocrx_word'/>
</head>
<body>
  <div class='ocr_page' id='page_1' title='image "./operarecensuitri07libauoft_0533.png"; bbox 0 0 2014 3158; ppageno 0'>
   <div class='ocr_carea' id='block_1_1' title="bbox 646 135 1808 190">
    <p class='ocr_par' dir='ltr' id='par_1_1' title="bbox 646 135 1808 190">
     <span class='ocr_line' id='line_1_1' title="bbox 646 135 1808 190; baseline 0.009 -10"><span class='ocrx_word' id='word_1_1' title='bbox 646 135 946 180; x_wconf 81' lang='lat' dir='ltr'><strong>STRATEGI</strong></span> <span class='ocrx_word' id='word_1_2' title='bbox 976 135 1282 180; x_wconf 86' lang='lat' dir='ltr'>APOLOGIA</span> <span class='ocrx_word' id='word_1_3' title='bbox 1700 137 1808 190; x_wconf 82' lang='lat'><strong><em>515</em></strong></span> 
     </span>
    </p>
   </div>
   <div class='ocr_carea' id='block_1_2' title="bbox 103 272 1900 1940">
    <p class='ocr_par' dir='ltr' id='par_1_2' title="bbox 103 272 1900 1940">
     <span class='ocr_line' id='line_1_2' title="bbox 108 272 1900 343; baseline -0.002 -17"><span class='ocrx_word' id='word_1_4' title='bbox 108 274 375 343; x_wconf 79' lang='grc' dir='ltr'><strong><em>πονηρίας</em></strong></span> <span class='ocrx_word' id='word_1_5' title='bbox 408 281 637 342; x_wconf 88' lang='grc' dir='ltr'><strong><em>σημεῖον</em></strong></span> <span class='ocrx_word' id='word_1_6' title='bbox 659 272 694 341; x_wconf 84' lang='grc' dir='ltr'><em>ἢ</em></span> <span class='ocrx_word' id='word_1_7' title='bbox 717 274 780 326; x_wconf 88' lang='grc' dir='ltr'><strong><em>τὸ</em></strong></span> <span class='ocrx_word' id='word_1_8' title='bbox 812 273 885 341; x_wconf 88' lang='grc' dir='ltr'><strong><em>μὴ</em></strong></span> <span class='ocrx_word' id='word_1_9' title='bbox 920 272 928 341; x_wconf 93' lang='grc' dir='ltr'>Ι</span> <span class='ocrx_word' id='word_1_10' title='bbox 961 278 1308 341; x_wconf 78' lang='grc' dir='ltr'><strong><em>ταραχθῆναι</em></strong></span> <span class='ocrx_word' id='word_1_11' title='bbox 1332 280 1397 341; x_wconf 78' lang='grc' dir='ltr'><strong><em>τῇ</em></strong></span> <span class='ocrx_word' id='word_1_12' title='bbox 1428 277 1625 325; x_wconf 89' lang='grc' dir='ltr'><strong><em>καθαι-</em></strong></span> <span class='ocrx_word' id='word_1_13' title='bbox 1673 278 1794 322; x_wconf 87' lang='lat' dir='ltr'><strong><em>RIV</em></strong></span> <span class='ocrx_word' id='word_1_14' title='bbox 1811 282 1900 322; x_wconf 83' lang='lat'><strong><em>498</em></strong></span> 
     </span>
     <span class='ocr_line' id='line_1_3' title="bbox 113 362 1810 431; baseline 0 -16"><span class='ocrx_word' id='word_1_15' title='bbox 113 362 260 431; x_wconf 90' lang='grc' dir='ltr'><strong><em>ρέσει</em></strong></span> <span class='ocrx_word' id='word_1_16' title='bbox 305 369 407 415; x_wconf 90' lang='grc' dir='ltr'><strong><em>τοῦ</em></strong></span> <span class='ocrx_word' id='word_1_17' title='bbox 453 362 734 431; x_wconf 91' lang='grc' dir='ltr'><strong><em>τυράννου</em></strong></span> <span class='ocrx_word' id='word_1_18' title='bbox 782 368 878 428; x_wconf 88' lang='grc' dir='ltr'><strong><em>τῆς</em></strong></span> <span class='ocrx_word' id='word_1_19' title='bbox 930 368 1031 413; x_wconf 87' lang='grc' dir='ltr'><strong><em>τοῦ</em></strong></span> <span class='ocrx_word' id='word_1_20' title='bbox 1088 368 1396 430; x_wconf 79' lang='grc' dir='ltr'><strong><em>στρατηγοῦ</em></strong></span> <span class='ocrx_word' id='word_1_21' title='bbox 1453 362 1810 430; x_wconf 80' lang='grc' dir='ltr'><strong><em>δικαιοσύνης</em></strong></span> 
     </span>
     <span class='ocr_line' id='line_1_4' title="bbox 111 450 1808 520; baseline -0.001 -16"><span class='ocrx_word' id='word_1_22' title='bbox 111 452 396 520; x_wconf 86' lang='grc' dir='ltr'><strong><em>σύμβολον</em></strong></span> <span class='ocrx_word' id='word_1_23' title='bbox 433 451 572 518; x_wconf 78' lang='grc' dir='ltr'><strong><em>μηδὲ</em></strong></span> <span class='ocrx_word' id='word_1_24' title='bbox 610 450 893 503; x_wconf 86' lang='grc' dir='ltr'><strong><em>τοσούτων</em></strong></span> <span class='ocrx_word' id='word_1_25' title='bbox 932 450 1110 502; x_wconf 80' lang='grc' dir='ltr'><strong><em>ὄντων</em></strong></span> <span class='ocrx_word' id='word_1_26' title='bbox 1149 459 1261 502; x_wconf 89' lang='grc' dir='ltr'><strong><em>τῶν</em></strong></span> <span class='ocrx_word' id='word_1_27' title='bbox 1291 452 1392 518; x_wconf 83' lang='grc' dir='ltr'><strong><em>τὴν</em></strong></span> <span class='ocrx_word' id='word_1_28' title='bbox 1425 451 1606 503; x_wconf 83' lang='grc' dir='ltr'><strong><em>αἰτίαν</em></strong></span> <span class='ocrx_word' id='word_1_29' title='bbox 1646 453 1808 504; x_wconf 85' lang='grc' dir='ltr'><strong><em>λυόν-</em></strong></span> 
     </span>
     <span class='ocr_line' id='line_1_5' title="bbox 109 537 1808 608; baseline 0 -16"><span class='ocrx_word' id='word_1_30' title='bbox 109 560 237 607; x_wconf 91' lang='grc' dir='ltr'><strong><em>των,</em></strong></span> <span class='ocrx_word' id='word_1_31' title='bbox 278 539 525 606; x_wconf 81' lang='grc' dir='ltr'><strong><em>σπουδῆς</em></strong></span> <span class='ocrx_word' id='word_1_32' title='bbox 564 537 625 590; x_wconf 84' lang='grc' dir='ltr'><strong><em>ἐν</em></strong></span> <span class='ocrx_word' id='word_1_33' title='bbox 664 540 988 608; x_wconf 79' lang='grc' dir='ltr'><strong><em>στρατηγίᾳ,</em></strong></span> <span class='ocrx_word' id='word_1_34' title='bbox 1035 540 1232 604; x_wconf 85' lang='grc' dir='ltr'><strong><em>μίσους</em></strong></span> <span class='ocrx_word' id='word_1_35' title='bbox 1279 538 1417 607; x_wconf 87' lang='grc' dir='ltr'><strong><em>πρὸς</em></strong></span> <span class='ocrx_word' id='word_1_36' title='bbox 1457 537 1808 608; x_wconf 80' lang='grc' dir='ltr'><strong><em>ἀντιπάλους,</em></strong></span> 
     </span>
     <span class='ocr_line' id='line_1_6' title="bbox 109 624 1874 697; baseline 0.001 -16"><span class='ocrx_word' id='word_1_37' title='bbox 109 635 206 696; x_wconf 84' lang='grc' dir='ltr'><strong><em>τῆς</em></strong></span> <span class='ocrx_word' id='word_1_38' title='bbox 244 626 551 697; x_wconf 80' lang='grc' dir='ltr'><strong><em>ἐπιμελείας</em></strong></span> <span class='ocrx_word' id='word_1_39' title='bbox 590 635 701 679; x_wconf 89' lang='grc' dir='ltr'><strong><em>τῶν</em></strong></span> <span class='ocrx_word' id='word_1_40' title='bbox 740 629 927 693; x_wconf 91' lang='grc' dir='ltr'><strong><em>νόμων</em></strong></span> <span class='ocrx_word' id='word_1_41' title='bbox 965 625 1036 694; x_wconf 80' lang='grc' dir='ltr'><strong><em>ἣν</em></strong></span> <span class='ocrx_word' id='word_1_42' title='bbox 1075 625 1416 694; x_wconf 78' lang='grc' dir='ltr'><strong><em>ἐποιησάμην</em></strong></span> <span class='ocrx_word' id='word_1_43' title='bbox 1455 624 1593 697; x_wconf 78' lang='grc' dir='ltr'><strong><em>ὑπὲρ</em></strong></span> <span class='ocrx_word' id='word_1_44' title='bbox 1633 628 1807 695; x_wconf 87' lang='grc' dir='ltr'><strong><em>ὑμῶν,</em></strong></span> <span class='ocrx_word' id='word_1_45' title='bbox 1856 651 1874 682; x_wconf 86' lang='lat'><strong>5</strong></span> 
     </span>
     <span class='ocr_line' id='line_1_7' title="bbox 112 713 1809 787; baseline 0.001 -18"><span class='ocrx_word' id='word_1_46' title='bbox 112 717 283 770; x_wconf 85' lang='grc' dir='ltr'><strong><em>αὐτοῦ</em></strong></span> <span class='ocrx_word' id='word_1_47' title='bbox 322 724 422 770; x_wconf 87' lang='grc' dir='ltr'><strong><em>τοῦ</em></strong></span> <span class='ocrx_word' id='word_1_48' title='bbox 461 714 822 785; x_wconf 81' lang='grc' dir='ltr'><strong><em>μεμενηκέναι</em></strong></span> <span class='ocrx_word' id='word_1_49' title='bbox 853 713 982 783; x_wconf 92' lang='grc' dir='ltr'><strong><em>παρ’</em></strong></span> <span class='ocrx_word' id='word_1_50' title='bbox 1019 714 1155 784; x_wconf 87' lang='grc' dir='ltr'><strong><em>ὑμῖν</em></strong></span> <span class='ocrx_word' id='word_1_51' title='bbox 1196 713 1256 767; x_wconf 80' lang='grc' dir='ltr'><strong><em>ἐν</em></strong></span> <span class='ocrx_word' id='word_1_52' title='bbox 1294 723 1359 785; x_wconf 75' lang='grc' dir='ltr'><strong><em>τῇ</em></strong></span> <span class='ocrx_word' id='word_1_53' title='bbox 1390 719 1664 787; x_wconf 79' lang='grc' dir='ltr'><strong><em>μεταβολῇ</em></strong></span> <span class='ocrx_word' id='word_1_54' title='bbox 1697 726 1809 770; x_wconf 87' lang='grc' dir='ltr'><strong><em>τῶν</em></strong></span> 
     </span>
     <span class='ocr_line' id='line_1_8' title="bbox 108 804 1809 875; baseline 0 -17"><span class='ocrx_word' id='word_1_55' title='bbox 108 805 472 875; x_wconf 77' lang='grc' dir='ltr'><strong><em>πραγμάτων,</em></strong></span> <span class='ocrx_word' id='word_1_56' title='bbox 510 804 668 872; x_wconf 79' lang='grc' dir='ltr'><strong><em>ὑμεῖς</em></strong></span> <span class='ocrx_word' id='word_1_57' title='bbox 704 811 770 873; x_wconf 79' lang='grc' dir='ltr'><strong><em>τῆ</em></strong></span> <span class='ocrx_word' id='word_1_58' title='bbox 810 812 921 856; x_wconf 87' lang='grc' dir='ltr'><strong><em>τῶν</em></strong></span> <span class='ocrx_word' id='word_1_59' title='bbox 960 805 1280 873; x_wconf 78' lang='grc' dir='ltr'><strong><em>κατηγόρων</em></strong></span> <span class='ocrx_word' id='word_1_60' title='bbox 1329 805 1600 873; x_wconf 80' lang='grc' dir='ltr'><strong><em>δεινότητι</em></strong></span> <span class='ocrx_word' id='word_1_61' title='bbox 1639 805 1809 858; x_wconf 86' lang='grc' dir='ltr'><strong><em>πλέον</em></strong></span> 
     </span>
     <span class='ocr_line' id='line_1_9' title="bbox 108 890 1807 964; baseline 0 -17"><span class='ocrx_word' id='word_1_62' title='bbox 108 893 142 963; x_wconf 83' lang='grc' dir='ltr'>ἢ</span> <span class='ocrx_word' id='word_1_63' title='bbox 181 902 246 964; x_wconf 79' lang='grc' dir='ltr'><strong><em>τῇ</em></strong></span> <span class='ocrx_word' id='word_1_64' title='bbox 284 904 396 946; x_wconf 92' lang='grc' dir='ltr'><strong><em>τῶν</em></strong></span> <span class='ocrx_word' id='word_1_65' title='bbox 442 890 622 962; x_wconf 78' lang='grc' dir='ltr'><strong><em>ἔργων</em></strong></span> <span class='ocrx_word' id='word_1_66' title='bbox 669 892 904 963; x_wconf 83' lang='grc' dir='ltr'><strong><em>ἀληθείᾳ</em></strong></span> <span class='ocrx_word' id='word_1_67' title='bbox 955 894 1095 946; x_wconf 90' lang='grc' dir='ltr'><strong><em>δότε.</em></strong></span> <span class='ocrx_word' id='word_1_68' title='bbox 1159 893 1243 945; x_wconf 88' lang='grc'><strong><em>68.</em></strong></span> <span class='ocrx_word' id='word_1_69' title='bbox 1283 895 1488 963; x_wconf 90' lang='grc' dir='ltr'><strong><em>μιαρὸν</em></strong></span> <span class='ocrx_word' id='word_1_70' title='bbox 1533 890 1726 963; x_wconf 80' lang='grc' dir='ltr'><strong><em>ἔθνος,</em></strong></span> <span class='ocrx_word' id='word_1_71' title='bbox 1765 891 1807 947; x_wconf 83' lang='grc' dir='ltr'><em>ὦ</em></span> 
     </span>
     <span class='ocr_line' id='line_1_10' title="bbox 109 981 1808 1054; baseline 0.001 -19"><span class='ocrx_word' id='word_1_72' title='bbox 109 983 330 1052; x_wconf 77' lang='grc' dir='ltr'><strong><em>ἄνδρες,</em></strong></span> <span class='ocrx_word' id='word_1_73' title='bbox 377 984 438 1035; x_wconf 89' lang='grc' dir='ltr'><strong><em>τὸ</em></strong></span> <span class='ocrx_word' id='word_1_74' title='bbox 477 991 589 1035; x_wconf 91' lang='grc' dir='ltr'><strong><em>τῶν</em></strong></span> <span class='ocrx_word' id='word_1_75' title='bbox 628 991 999 1052; x_wconf 85' lang='grc' dir='ltr'><strong><em>συκοφαντῶν</em></strong></span> <span class='ocrx_word' id='word_1_76' title='bbox 1047 981 1108 1036; x_wconf 85' lang='grc' dir='ltr'><strong><em>ἐν</em></strong></span> <span class='ocrx_word' id='word_1_77' title='bbox 1146 992 1265 1045; x_wconf 80' lang='grc' dir='ltr'><strong><em>ταῖς</em></strong></span> <span class='ocrx_word' id='word_1_78' title='bbox 1310 984 1503 1035; x_wconf 92' lang='grc' dir='ltr'><strong><em>πόλεσι</em></strong></span> <span class='ocrx_word' id='word_1_79' title='bbox 1550 982 1808 1054; x_wconf 84' lang='grc' dir='ltr'><strong><em>τρέφεται</em></strong></span> 
     </span>
     <span class='ocr_line' id='line_1_11' title="bbox 107 1070 1875 1142; baseline 0.002 -18"><span class='ocrx_word' id='word_1_80' title='bbox 107 1072 242 1125; x_wconf 81' lang='grc' dir='ltr'><strong><em>κατὰ</em></strong></span> <span class='ocrx_word' id='word_1_81' title='bbox 279 1081 391 1124; x_wconf 92' lang='grc' dir='ltr'><strong><em>τῶν</em></strong></span> <span class='ocrx_word' id='word_1_82' title='bbox 426 1070 696 1141; x_wconf 85' lang='grc' dir='ltr'><strong><em>κειμένων</em></strong></span> <span class='ocrx_word' id='word_1_83' title='bbox 725 1073 930 1139; x_wconf 90' lang='grc' dir='ltr'><strong><em>νόμων,</em></strong></span> <span class='ocrx_word' id='word_1_84' title='bbox 968 1073 1104 1124; x_wconf 82' lang='grc' dir='ltr'><strong><em>κατὰ</em></strong></span> <span class='ocrx_word' id='word_1_85' title='bbox 1142 1081 1255 1124; x_wconf 90' lang='grc' dir='ltr'><strong><em>τῶν</em></strong></span> <span class='ocrx_word' id='word_1_86' title='bbox 1293 1070 1551 1124; x_wconf 80' lang='grc' dir='ltr'><strong><em>ἐπιεικῶν</em></strong></span> <span class='ocrx_word' id='word_1_87' title='bbox 1590 1071 1804 1142; x_wconf 82' lang='grc' dir='ltr'><strong><em>ἀνθρώ·</em></strong></span> <span class='ocrx_word' id='word_1_88' title='bbox 1831 1095 1875 1128; x_wconf 87' lang='lat'><strong><em>10</em></strong></span> 
     </span>
     <span class='ocr_line' id='line_1_12' title="bbox 106 1157 1806 1230; baseline 0.001 -17"><span class='ocrx_word' id='word_1_89' title='bbox 106 1178 244 1228; x_wconf 91' lang='grc' dir='ltr'><strong><em>πων,</em></strong></span> <span class='ocrx_word' id='word_1_90' title='bbox 283 1160 419 1213; x_wconf 81' lang='grc' dir='ltr'><strong><em>κατὰ</em></strong></span> <span class='ocrx_word' id='word_1_91' title='bbox 457 1170 569 1213; x_wconf 88' lang='grc' dir='ltr'><strong><em>τῶν</em></strong></span> <span class='ocrx_word' id='word_1_92' title='bbox 616 1162 985 1229; x_wconf 88' lang='grc' dir='ltr'><strong><em>ὀμωμοκότων</em></strong></span> <span class='ocrx_word' id='word_1_93' title='bbox 1033 1161 1323 1213; x_wconf 88' lang='grc' dir='ltr'><strong><em>δικαστῶν.</em></strong></span> <span class='ocrx_word' id='word_1_94' title='bbox 1378 1162 1508 1223; x_wconf 89' lang='grc' dir='ltr'><strong><em>τοὺς</em></strong></span> <span class='ocrx_word' id='word_1_95' title='bbox 1554 1157 1656 1228; x_wconf 76' lang='grc' dir='ltr'><strong><em>μὲν</em></strong></span> <span class='ocrx_word' id='word_1_96' title='bbox 1701 1162 1806 1230; x_wconf 77' lang='grc' dir='ltr'><strong><em>γὰρ</em></strong></span> 
     </span>
     <span class='ocr_line' id='line_1_13' title="bbox 107 1246 1807 1319; baseline 0.001 -17"><span class='ocrx_word' id='word_1_97' title='bbox 107 1246 276 1302; x_wconf 77' lang='grc' dir='ltr'><strong><em>οὐδὲν</em></strong></span> <span class='ocrx_word' id='word_1_98' title='bbox 315 1249 647 1312; x_wconf 86' lang='grc' dir='ltr'><strong><em>ἀδικοῦντας</em></strong></span> <span class='ocrx_word' id='word_1_99' title='bbox 686 1250 1084 1318; x_wconf 89' lang='grc' dir='ltr'><strong><em>σπαράττουσι,</em></strong></span> <span class='ocrx_word' id='word_1_100' title='bbox 1132 1251 1264 1312; x_wconf 86' lang='grc' dir='ltr'><strong><em>τοὺς</em></strong></span> <span class='ocrx_word' id='word_1_101' title='bbox 1304 1247 1366 1303; x_wconf 77' lang='grc' dir='ltr'><strong><em>δὲ</em></strong></span> <span class='ocrx_word' id='word_1_102' title='bbox 1404 1251 1633 1319; x_wconf 88' lang='grc' dir='ltr'><strong><em>νόμους,</em></strong></span> <span class='ocrx_word' id='word_1_103' title='bbox 1674 1250 1807 1303; x_wconf 84' lang='grc' dir='ltr'><strong><em>ὅταν</em></strong></span> 
     </span>
     <span class='ocr_line' id='line_1_14' title="bbox 107 1336 1807 1407; baseline 0.001 -17"><span class='ocrx_word' id='word_1_104' title='bbox 107 1345 272 1390; x_wconf 86' lang='grc' dir='ltr'><strong><em>τοῦτο</em></strong></span> <span class='ocrx_word' id='word_1_105' title='bbox 326 1347 586 1405; x_wconf 85' lang='grc' dir='ltr'><strong><em>ποιῶσιν,</em></strong></span> <span class='ocrx_word' id='word_1_106' title='bbox 642 1337 960 1406; x_wconf 87' lang='grc' dir='ltr'><strong><em>ἀναιροῦσι,</em></strong></span> <span class='ocrx_word' id='word_1_107' title='bbox 1015 1340 1145 1400; x_wconf 86' lang='grc' dir='ltr'><strong><em>τοὺς</em></strong></span> <span class='ocrx_word' id='word_1_108' title='bbox 1200 1336 1248 1391; x_wconf 82' lang='grc' dir='ltr'><strong><em>δ’</em></strong></span> <span class='ocrx_word' id='word_1_109' title='bbox 1309 1336 1398 1391; x_wconf 84' lang='grc' dir='ltr'><strong><em>ἐπὶ</em></strong></span> <span class='ocrx_word' id='word_1_110' title='bbox 1451 1348 1567 1400; x_wconf 83' lang='grc' dir='ltr'><strong><em>τοῖς</em></strong></span> <span class='ocrx_word' id='word_1_111' title='bbox 1621 1338 1807 1407; x_wconf 80' lang='grc' dir='ltr'><strong><em>ὅρκοις</em></strong></span> 
     </span>
     <span class='ocr_line' id='line_1_15' title="bbox 107 1425 1805 1495; baseline 0 -16"><span class='ocrx_word' id='word_1_112' title='bbox 107 1425 460 1495; x_wconf 89' lang='grc' dir='ltr'><strong><em>καθημένους</em></strong></span> <span class='ocrx_word' id='word_1_113' title='bbox 497 1427 632 1495; x_wconf 83' lang='grc' dir='ltr'><strong><em>μετὰ</em></strong></span> <span class='ocrx_word' id='word_1_114' title='bbox 668 1436 781 1480; x_wconf 90' lang='grc' dir='ltr'><strong><em>τῶν</em></strong></span> <span class='ocrx_word' id='word_1_115' title='bbox 819 1426 1165 1495; x_wconf 82' lang='grc' dir='ltr'><strong><em>κρινομένων</em></strong></span> <span class='ocrx_word' id='word_1_116' title='bbox 1212 1429 1291 1489; x_wconf 85' lang='grc' dir='ltr'><strong><em>εἰς</em></strong></span> <span class='ocrx_word' id='word_1_117' title='bbox 1337 1428 1402 1480; x_wconf 83' lang='grc' dir='ltr'><strong><em>τὰ</em></strong></span> <span class='ocrx_word' id='word_1_118' title='bbox 1447 1426 1676 1495; x_wconf 79' lang='grc' dir='ltr'><strong><em>μέγιστα</em></strong></span> <span class='ocrx_word' id='word_1_119' title='bbox 1722 1430 1805 1495; x_wconf 82' lang='grc' dir='ltr'><strong><em>ζη-</em></strong></span> 
     </span>
     <span class='ocr_line' id='line_1_16' title="bbox 104 1513 1872 1585; baseline 0.002 -17"><span class='ocrx_word' id='word_1_120' title='bbox 104 1523 345 1584; x_wconf 87' lang='grc' dir='ltr'><strong><em>μιοῦσιν.</em></strong></span> <span class='ocrx_word' id='word_1_121' title='bbox 386 1516 443 1568; x_wconf 77' lang='grc' dir='ltr'><strong><em>οἱ</em></strong></span> <span class='ocrx_word' id='word_1_122' title='bbox 477 1513 580 1584; x_wconf 78' lang='grc' dir='ltr'><strong><em>μὲν</em></strong></span> <span class='ocrx_word' id='word_1_123' title='bbox 618 1516 721 1585; x_wconf 76' lang='grc' dir='ltr'><strong><em>γὰρ</em></strong></span> <span class='ocrx_word' id='word_1_124' title='bbox 764 1515 1246 1584; x_wconf 82' lang='grc' dir='ltr'><strong><em>ἀποθνήσκουσιν,</em></strong></span> <span class='ocrx_word' id='word_1_125' title='bbox 1294 1517 1352 1569; x_wconf 76' lang='grc' dir='ltr'><strong><em>οἱ</em></strong></span> <span class='ocrx_word' id='word_1_126' title='bbox 1395 1515 1457 1569; x_wconf 78' lang='grc' dir='ltr'><strong><em>δὲ</em></strong></span> <span class='ocrx_word' id='word_1_127' title='bbox 1495 1517 1629 1585; x_wconf 79' lang='grc' dir='ltr'><strong><em>μετὰ</em></strong></span> <span class='ocrx_word' id='word_1_128' title='bbox 1668 1515 1804 1584; x_wconf 85' lang='grc' dir='ltr'><strong><em>ἀρᾶς</em></strong></span> <span class='ocrx_word' id='word_1_129' title='bbox 1833 1541 1872 1572; x_wconf 88' lang='lat'><strong><em>15</em></strong></span> 
     </span>
     <span class='ocr_line' id='line_1_17' title="bbox 107 1602 1803 1673; baseline 0.001 -17"><span class='ocrx_word' id='word_1_130' title='bbox 107 1607 235 1668; x_wconf 83' lang='grc' dir='ltr'><strong><em>ζῶσι</em></strong></span> <span class='ocrx_word' id='word_1_131' title='bbox 259 1602 351 1657; x_wconf 83' lang='grc' dir='ltr'><strong><em>καὶ</em></strong></span> <span class='ocrx_word' id='word_1_132' title='bbox 375 1603 836 1673; x_wconf 88' lang='grc' dir='ltr'><strong><em>παραπέμπουσιν</em></strong></span> <span class='ocrx_word' id='word_1_133' title='bbox 861 1605 938 1667; x_wconf 83' lang='grc' dir='ltr'><strong><em>εἰς</em></strong></span> <span class='ocrx_word' id='word_1_134' title='bbox 961 1605 1163 1666; x_wconf 88' lang='grc' dir='ltr'><strong><em>παῖδας</em></strong></span> <span class='ocrx_word' id='word_1_135' title='bbox 1193 1605 1296 1672; x_wconf 82' lang='grc' dir='ltr'><strong><em>τὴν</em></strong></span> <span class='ocrx_word' id='word_1_136' title='bbox 1319 1605 1548 1673; x_wconf 86' lang='grc' dir='ltr'><strong><em>βλάβην.</em></strong></span> <span class='ocrx_word' id='word_1_137' title='bbox 1589 1604 1674 1656; x_wconf 89' lang='grc'><strong><em>69.</em></strong></span> <span class='ocrx_word' id='word_1_138' title='bbox 1700 1606 1803 1657; x_wconf 82' lang='grc' dir='ltr'><strong><em>ὥσ-</em></strong></span> 
     </span>
     <span class='ocr_line' id='line_1_18' title="bbox 103 1689 1804 1762; baseline 0.001 -17"><span class='ocrx_word' id='word_1_139' title='bbox 103 1712 204 1762; x_wconf 88' lang='grc' dir='ltr'><strong><em>περ</em></strong></span> <span class='ocrx_word' id='word_1_140' title='bbox 246 1689 350 1746; x_wconf 83' lang='grc' dir='ltr'><strong><em>οὖν</em></strong></span> <span class='ocrx_word' id='word_1_141' title='bbox 387 1695 517 1755; x_wconf 88' lang='grc' dir='ltr'><strong><em>τοὺς</em></strong></span> <span class='ocrx_word' id='word_1_142' title='bbox 554 1695 854 1761; x_wconf 87' lang='grc' dir='ltr'><strong><em>πολεμίους</em></strong></span> <span class='ocrx_word' id='word_1_143' title='bbox 891 1701 1052 1762; x_wconf 80' lang='grc' dir='ltr'><strong><em>κοινῆ</em></strong></span> <span class='ocrx_word' id='word_1_144' title='bbox 1090 1702 1208 1756; x_wconf 90' lang='grc' dir='ltr'><strong><em>τοῖς</em></strong></span> <span class='ocrx_word' id='word_1_145' title='bbox 1247 1693 1437 1755; x_wconf 83' lang='grc' dir='ltr'><strong><em>ὅπλοις</em></strong></span> <span class='ocrx_word' id='word_1_146' title='bbox 1477 1692 1804 1747; x_wconf 87' lang='grc' dir='ltr'><strong><em>ἀναστέλλο-</em></strong></span> 
     </span>
     <span class='ocr_line' id='line_1_19' title="bbox 105 1781 1802 1850; baseline 0 -16"><span class='ocrx_word' id='word_1_147' title='bbox 105 1800 223 1850; x_wconf 92' lang='grc' dir='ltr'><strong><em>μεν,</em></strong></span> <span class='ocrx_word' id='word_1_148' title='bbox 264 1781 408 1835; x_wconf 82' lang='grc' dir='ltr'><strong><em>οὕτω</em></strong></span> <span class='ocrx_word' id='word_1_149' title='bbox 449 1782 533 1834; x_wconf 90' lang='grc' dir='ltr'><strong><em>δεῖ</em></strong></span> <span class='ocrx_word' id='word_1_150' title='bbox 570 1782 659 1834; x_wconf 84' lang='grc' dir='ltr'><strong><em>καὶ</em></strong></span> <span class='ocrx_word' id='word_1_151' title='bbox 699 1784 801 1850; x_wconf 86' lang='grc' dir='ltr'><strong><em>τὴν</em></strong></span> <span class='ocrx_word' id='word_1_152' title='bbox 838 1790 951 1835; x_wconf 91' lang='grc' dir='ltr'><strong><em>τῶν</em></strong></span> <span class='ocrx_word' id='word_1_153' title='bbox 991 1792 1361 1850; x_wconf 88' lang='grc' dir='ltr'><strong><em>συκοφαντῶν</em></strong></span> <span class='ocrx_word' id='word_1_154' title='bbox 1394 1781 1682 1835; x_wconf 92' lang='grc' dir='ltr'><strong><em>ἀναίδειαν</em></strong></span> <span class='ocrx_word' id='word_1_155' title='bbox 1711 1781 1802 1834; x_wconf 89' lang='grc' dir='ltr'><strong><em>καὶ</em></strong></span> 
     </span>
     <span class='ocr_line' id='line_1_20' title="bbox 107 1870 1803 1940; baseline 0.001 -18"><span class='ocrx_word' id='word_1_156' title='bbox 107 1872 238 1938; x_wconf 90' lang='grc' dir='ltr'><strong><em>βίαν</em></strong></span> <span class='ocrx_word' id='word_1_157' title='bbox 276 1870 384 1923; x_wconf 85' lang='grc' dir='ltr'><strong><em>ὑπὸ</em></strong></span> <span class='ocrx_word' id='word_1_158' title='bbox 423 1879 536 1923; x_wconf 91' lang='grc' dir='ltr'><strong><em>τῶν</em></strong></span> <span class='ocrx_word' id='word_1_159' title='bbox 574 1870 659 1923; x_wconf 85' lang='grc' dir='ltr'><strong><em>ἀεὶ</em></strong></span> <span class='ocrx_word' id='word_1_160' title='bbox 698 1872 1034 1935; x_wconf 83' lang='grc' dir='ltr'><strong><em>δικαζόντων</em></strong></span> <span class='ocrx_word' id='word_1_161' title='bbox 1073 1870 1445 1940; x_wconf 79' lang='grc' dir='ltr'><strong><em>ἀνείργεσθαι.</em></strong></span> <span class='ocrx_word' id='word_1_162' title='bbox 1487 1870 1561 1924; x_wconf 91' lang='grc' dir='ltr'><strong><em>δι’</em></strong></span> <span class='ocrx_word' id='word_1_163' title='bbox 1607 1871 1704 1934; x_wconf 83' lang='grc' dir='ltr'><strong><em>οὓς</em></strong></span> <span class='ocrx_word' id='word_1_164' title='bbox 1742 1872 1803 1924; x_wconf 89' lang='grc' dir='ltr'><strong><em>τὸ</em></strong></span> 
     </span>
    </p>
   </div>
   <div class='ocr_carea' id='block_1_3' title="bbox 226 2046 714 2102">
    <p class='ocr_par' dir='ltr' id='par_1_3' title="bbox 226 2046 714 2102">
     <span class='ocr_line' id='line_1_21' title="bbox 226 2046 714 2102; baseline -0.002 -13"><span class='ocrx_word' id='word_1_165' title='bbox 226 2053 276 2089; x_wconf 90' lang='lat'><strong><em>11</em></strong></span> <span class='ocrx_word' id='word_1_166' title='bbox 313 2046 368 2090; x_wconf 82' lang='lat' dir='ltr'><strong><em>cf.</em></strong></span> <span class='ocrx_word' id='word_1_167' title='bbox 404 2047 463 2089; x_wconf 86' lang='lat' dir='ltr'><strong><em>ad</em></strong></span> <span class='ocrx_word' id='word_1_168' title='bbox 498 2062 541 2102; x_wconf 90' lang='lat' dir='ltr'><strong><em>p.</em></strong></span> <span class='ocrx_word' id='word_1_169' title='bbox 568 2050 714 2100; x_wconf 81' lang='lat'>491‚4</span> 
     </span>
    </p>
   </div>
   <div class='ocr_carea' id='block_1_4' title="bbox 106 2154 345 2160">
    <p class='ocr_par' dir='ltr' id='par_1_4' title="bbox 106 2154 345 2160">
     <span class='ocr_line' id='line_1_22' title="bbox 106 2154 345 2160; baseline 0 0"><span class='ocrx_word' id='word_1_170' title='bbox 106 2154 345 2160; x_wconf 95' lang='lat' dir='ltr'><strong><em> </em></strong></span> 
     </span>
    </p>
   </div>
   <div class='ocr_carea' id='block_1_5' title="bbox 101 2209 1801 2443">
    <p class='ocr_par' dir='ltr' id='par_1_5' title="bbox 101 2209 1801 2443">
     <span class='ocr_line' id='line_1_23' title="bbox 225 2209 1796 2268; baseline 0.001 -15"><span class='ocrx_word' id='word_1_171' title='bbox 225 2216 245 2253; x_wconf 93' lang='lat'>1</span> <span class='ocrx_word' id='word_1_172' title='bbox 281 2216 342 2253; x_wconf 83' lang='grc' dir='ltr'><strong><em>τῶ</em></strong></span> <span class='ocrx_word' id='word_1_173' title='bbox 369 2211 430 2254; x_wconf 89' lang='grc' dir='ltr'><strong>Μ</strong></span> <span class='ocrx_word' id='word_1_174' title='bbox 460 2209 541 2252; x_wconf 82' lang='lat' dir='ltr'><strong><em>sed</em></strong></span> <span class='ocrx_word' id='word_1_175' title='bbox 573 2216 608 2252; x_wconf 85' lang='grc' dir='ltr'><strong><em>ῶ</em></strong></span> <span class='ocrx_word' id='word_1_176' title='bbox 640 2209 691 2252; x_wconf 88' lang='lat' dir='ltr'><strong><em>in</em></strong></span> <span class='ocrx_word' id='word_1_177' title='bbox 714 2209 739 2253; x_wconf 90' lang='grc' dir='ltr'><strong>ὸ</strong></span> <span class='ocrx_word' id='word_1_178' title='bbox 772 2223 875 2253; x_wconf 85' lang='lat' dir='ltr'>con·</span> <span class='ocrx_word' id='word_1_179' title='bbox 905 2209 989 2263; x_wconf 74' lang='grc' dir='ltr'><strong><em>ω’,</em></strong></span> <span class='ocrx_word' id='word_1_180' title='bbox 1020 2211 1078 2255; x_wconf 84' lang='lat' dir='ltr'><strong><em>Vi</em></strong></span> <span class='ocrx_word' id='word_1_181' title='bbox 1197 2215 1223 2252; x_wconf 82' lang='lat'><strong>2</strong></span> <span class='ocrx_word' id='word_1_182' title='bbox 1255 2212 1412 2266; x_wconf 83' lang='grc' dir='ltr'><strong><em>τοῦ(2)</em></strong></span> <span class='ocrx_word' id='word_1_183' title='bbox 1446 2224 1521 2254; x_wconf 89' lang='lat' dir='ltr'><strong><em>om</em></strong></span> <span class='ocrx_word' id='word_1_184' title='bbox 1553 2209 1655 2253; x_wconf 86' lang='lat' dir='ltr'><strong><em>Mor</em></strong></span> <span class='ocrx_word' id='word_1_185' title='bbox 1687 2210 1754 2254; x_wconf 78' lang='lat' dir='ltr'><strong><em>Re</em></strong></span> <span class='ocrx_word' id='word_1_186' title='bbox 1791 2210 1796 2268; x_wconf 93' lang='grc' dir='ltr'>Ι</span> 
     </span>
     <span class='ocr_line' id='line_1_24' title="bbox 103 2267 1799 2326; baseline -0.001 -13"><span class='ocrx_word' id='word_1_187' title='bbox 103 2269 403 2325; x_wconf 77' lang='grc' dir='ltr'><strong><em>δικαιοσύνης</em></strong></span> <span class='ocrx_word' id='word_1_188' title='bbox 435 2269 505 2312; x_wconf 88' lang='lat' dir='ltr'><strong><em>Va</em></strong></span> <span class='ocrx_word' id='word_1_189' title='bbox 545 2267 626 2312; x_wconf 83' lang='lat' dir='ltr'><strong><em>sed</em></strong></span> <span class='ocrx_word' id='word_1_190' title='bbox 668 2269 836 2325; x_wconf 80' lang='grc' dir='ltr'><strong><em>οσύνης</em></strong></span> <span class='ocrx_word' id='word_1_191' title='bbox 873 2269 924 2312; x_wconf 90' lang='lat' dir='ltr'><strong><em>in</em></strong></span> <span class='ocrx_word' id='word_1_192' title='bbox 953 2283 1029 2313; x_wconf 80' lang='lat' dir='ltr'><strong><em>ras</em></strong></span> <span class='ocrx_word' id='word_1_193' title='bbox 1115 2267 1304 2319; x_wconf 80' lang='grc' dir='ltr'><strong><em>δικαίας</em></strong></span> <span class='ocrx_word' id='word_1_194' title='bbox 1342 2276 1511 2326; x_wconf 81' lang='grc' dir='ltr'><strong><em>ποινῆς</em></strong></span> <span class='ocrx_word' id='word_1_195' title='bbox 1536 2271 1580 2314; x_wconf 90' lang='lat' dir='ltr'><strong><em>L</em></strong></span> <span class='ocrx_word' id='word_1_196' title='bbox 1623 2269 1704 2313; x_wconf 81' lang='lat' dir='ltr'><strong><em>sed</em></strong></span> <span class='ocrx_word' id='word_1_197' title='bbox 1744 2286 1799 2326; x_wconf 79' lang='grc' dir='ltr'><strong><em>γρ</em></strong></span> 
     </span>
     <span class='ocr_line' id='line_1_25' title="bbox 102 2326 1799 2386; baseline 0.001 -16"><span class='ocrx_word' id='word_1_198' title='bbox 102 2327 405 2384; x_wconf 82' lang='grc' dir='ltr'><strong><em>δικαιοσύνης</em></strong></span> <span class='ocrx_word' id='word_1_199' title='bbox 445 2340 680 2383; x_wconf 79' lang='lat' dir='ltr'>suprascr,</span> <span class='ocrx_word' id='word_1_200' title='bbox 721 2327 832 2371; x_wconf 80' lang='lat' dir='ltr'>Ferr</span> <span class='ocrx_word' id='word_1_201' title='bbox 870 2328 972 2372; x_wconf 85' lang='lat' dir='ltr'><strong><em>Mor</em></strong></span> <span class='ocrx_word' id='word_1_202' title='bbox 1124 2332 1148 2371; x_wconf 86' lang='lat'><strong>3</strong></span> <span class='ocrx_word' id='word_1_203' title='bbox 1195 2328 1456 2386; x_wconf 84' lang='grc' dir='ltr'><strong><em>σύμβουλον</em></strong></span> <span class='ocrx_word' id='word_1_204' title='bbox 1497 2329 1549 2374; x_wconf 78' lang='lat'><strong><em>02</em></strong></span> <span class='ocrx_word' id='word_1_205' title='bbox 1597 2329 1603 2386; x_wconf 91' lang='grc' dir='ltr'>Ι</span> <span class='ocrx_word' id='word_1_206' title='bbox 1654 2328 1714 2384; x_wconf 87' lang='grc' dir='ltr'><strong><em>μὴ</em></strong></span> <span class='ocrx_word' id='word_1_207' title='bbox 1748 2326 1799 2372; x_wconf 83' lang='grc' dir='ltr'><strong><em>δὲ</em></strong></span> 
     </span>
     <span class='ocr_line' id='line_1_26' title="bbox 101 2385 1801 2443; baseline 0.001 -14"><span class='ocrx_word' id='word_1_208' title='bbox 101 2386 212 2430; x_wconf 78' lang='lat' dir='ltr'>libri</span> <span class='ocrx_word' id='word_1_209' title='bbox 252 2387 362 2431; x_wconf 82' lang='lat' dir='ltr'><strong>Fen·</strong></span> <span class='ocrx_word' id='word_1_210' title='bbox 410 2389 417 2443; x_wconf 91' lang='grc' dir='ltr'>Ι</span> <span class='ocrx_word' id='word_1_211' title='bbox 467 2385 738 2431; x_wconf 84' lang='grc' dir='ltr'><strong><em>κωλυόντων</em></strong></span> <span class='ocrx_word' id='word_1_212' title='bbox 774 2386 818 2430; x_wconf 87' lang='lat' dir='ltr'><strong><em>L</em></strong></span> <span class='ocrx_word' id='word_1_213' title='bbox 850 2387 961 2431; x_wconf 81' lang='lat' dir='ltr'>Fert</span> <span class='ocrx_word' id='word_1_214' title='bbox 1003 2388 1105 2432; x_wconf 83' lang='lat' dir='ltr'><strong><em>Mor</em></strong></span> <span class='ocrx_word' id='word_1_215' title='bbox 1261 2393 1289 2431; x_wconf 86' lang='lat'>4</span> <span class='ocrx_word' id='word_1_216' title='bbox 1335 2389 1544 2443; x_wconf 85' lang='grc' dir='ltr'><strong><em>σπουδῆς</em></strong></span> <span class='ocrx_word' id='word_1_217' title='bbox 1578 2413 1634 2420; x_wconf 93' lang='lat'>—</span> <span class='ocrx_word' id='word_1_218' title='bbox 1674 2387 1801 2431; x_wconf 87' lang='grc' dir='ltr'><strong><em>ἀντι-</em></strong></span> 
     </span>
    </p>
   </div>
   <div class='ocr_carea' id='block_1_6' title="bbox 101 2460 1799 3063">
    <p class='ocr_par' dir='ltr' id='par_1_6' title="bbox 101 2460 1799 3063">
     <span class='ocr_line' id='line_1_27' title="bbox 101 2460 1799 2532; baseline 0.001 -15"><span class='ocrx_word' id='word_1_219' title='bbox 101 2473 279 2524; x_wconf 83' lang='grc' dir='ltr'><strong><em>πάλους</em></strong></span> <span class='ocrx_word' id='word_1_220' title='bbox 308 2475 563 2531; x_wconf 80' lang='lat' dir='ltr'>praemisso</span> <span class='ocrx_word' id='word_1_221' title='bbox 587 2460 691 2518; x_wconf 57' lang='grc' dir='ltr'><strong><em>λεῖτ’</em></strong></span> <span class='ocrx_word' id='word_1_222' title='bbox 722 2474 771 2518; x_wconf 91' lang='lat' dir='ltr'><strong><em>in</em></strong></span> <span class='ocrx_word' id='word_1_223' title='bbox 803 2489 936 2532; x_wconf 80' lang='lat' dir='ltr'><strong><em>marg</em></strong></span> <span class='ocrx_word' id='word_1_224' title='bbox 960 2475 1058 2520; x_wconf 83' lang='lat' dir='ltr'>M⁷⁷¹</span> <span class='ocrx_word' id='word_1_225' title='bbox 1135 2491 1210 2520; x_wconf 88' lang='lat' dir='ltr'><strong><em>om</em></strong></span> <span class='ocrx_word' id='word_1_226' title='bbox 1244 2477 1357 2521; x_wconf 78' lang='lat' dir='ltr'><strong><em>ViC&#39;l</em></strong></span> <span class='ocrx_word' id='word_1_227' title='bbox 1388 2475 1468 2519; x_wconf 82' lang='lat' dir='ltr'><strong><em>sed</em></strong></span> <span class='ocrx_word' id='word_1_228' title='bbox 1507 2476 1556 2519; x_wconf 90' lang='lat' dir='ltr'><strong><em>in</em></strong></span> <span class='ocrx_word' id='word_1_229' title='bbox 1596 2475 1685 2518; x_wconf 84' lang='lat' dir='ltr'><strong><em>hoc</em></strong></span> <span class='ocrx_word' id='word_1_230' title='bbox 1724 2474 1799 2519; x_wconf 81' lang='lat' dir='ltr'><strong><em>lac</em></strong></span> 
     </span>
     <span class='ocr_line' id='line_1_28' title="bbox 106 2532 1799 2594; baseline 0.001 -18"><span class='ocrx_word' id='word_1_231' title='bbox 106 2537 278 2576; x_wconf 80' lang='lat'>15-16</span> <span class='ocrx_word' id='word_1_232' title='bbox 303 2534 396 2588; x_wconf 75' lang='lat' dir='ltr'>litt,</span> <span class='ocrx_word' id='word_1_233' title='bbox 424 2535 491 2578; x_wconf 89' lang='lat' dir='ltr'><strong><em>Va</em></strong></span> <span class='ocrx_word' id='word_1_234' title='bbox 518 2535 524 2591; x_wconf 93' lang='grc' dir='ltr'>Ι</span> <span class='ocrx_word' id='word_1_235' title='bbox 553 2532 801 2593; x_wconf 79' lang='grc' dir='ltr'><strong><em>στρατηγίᾳ</em></strong></span> <span class='ocrx_word' id='word_1_236' title='bbox 834 2535 998 2591; x_wconf 80' lang='lat' dir='ltr'>scripsi</span> <span class='ocrx_word' id='word_1_237' title='bbox 1024 2549 1049 2578; x_wconf 82' lang='lat' dir='ltr'>e</span> <span class='ocrx_word' id='word_1_238' title='bbox 1073 2535 1217 2579; x_wconf 61' lang='lat' dir='ltr'><strong><em>M‘WB</em></strong></span> <span class='ocrx_word' id='word_1_239' title='bbox 1248 2537 1303 2579; x_wconf 75' lang='lat' dir='ltr'><strong><em>ut</em></strong></span> <span class='ocrx_word' id='word_1_240' title='bbox 1325 2535 1430 2579; x_wconf 83' lang='lat' dir='ltr'>coni</span> <span class='ocrx_word' id='word_1_241' title='bbox 1454 2535 1522 2578; x_wconf 79' lang='lat' dir='ltr'><strong><em>Re</em></strong></span> <span class='ocrx_word' id='word_1_242' title='bbox 1584 2533 1799 2594; x_wconf 76' lang='grc' dir='ltr'><strong><em>στρατείᾳ</em></strong></span> 
     </span>
     <span class='ocr_line' id='line_1_29' title="bbox 103 2592 1799 2650; baseline 0.001 -14"><span class='ocrx_word' id='word_1_243' title='bbox 103 2593 148 2636; x_wconf 90' lang='lat' dir='ltr'><strong><em>L</em></strong></span> <span class='ocrx_word' id='word_1_244' title='bbox 180 2592 271 2636; x_wconf 83' lang='lat' dir='ltr'><strong><em>edd</em></strong></span> <span class='ocrx_word' id='word_1_245' title='bbox 312 2598 318 2648; x_wconf 89' lang='grc' dir='ltr'>Ι</span> <span class='ocrx_word' id='word_1_246' title='bbox 365 2594 548 2650; x_wconf 80' lang='lat' dir='ltr'><strong><em>„malim</em></strong></span> <span class='ocrx_word' id='word_1_247' title='bbox 579 2593 695 2648; x_wconf 85' lang='grc' dir='ltr'><strong><em>πρὸς</em></strong></span> <span class='ocrx_word' id='word_1_248' title='bbox 724 2593 834 2643; x_wconf 78' lang='grc' dir='ltr'><strong><em>τοὺς</em></strong></span> <span class='ocrx_word' id='word_1_249' title='bbox 864 2594 1173 2645; x_wconf 74' lang='grc' dir='ltr'><strong><em>ἀντιπάλους“</em></strong></span> <span class='ocrx_word' id='word_1_250' title='bbox 1207 2594 1276 2637; x_wconf 82' lang='lat' dir='ltr'><strong><em>Re</em></strong></span> <span class='ocrx_word' id='word_1_251' title='bbox 1398 2599 1423 2636; x_wconf 84' lang='lat'>5</span> <span class='ocrx_word' id='word_1_252' title='bbox 1455 2600 1535 2650; x_wconf 85' lang='grc' dir='ltr'><strong><em>τῆς</em></strong></span> <span class='ocrx_word' id='word_1_253' title='bbox 1565 2592 1740 2636; x_wconf 83' lang='lat' dir='ltr'>inserui</span> <span class='ocrx_word' id='word_1_254' title='bbox 1772 2607 1799 2637; x_wconf 83' lang='lat' dir='ltr'><strong>e</strong></span> 
     </span>
     <span class='ocr_line' id='line_1_30' title="bbox 105 2649 1798 2710; baseline -0.001 -15"><span class='ocrx_word' id='word_1_255' title='bbox 105 2653 166 2695; x_wconf 84' lang='lat' dir='ltr'><em>M</em></span> <span class='ocrx_word' id='word_1_256' title='bbox 173 2652 231 2696; x_wconf 79' lang='lat' dir='ltr'><strong><em>Vi</em></strong></span> <span class='ocrx_word' id='word_1_257' title='bbox 252 2655 307 2695; x_wconf 74' lang='lat' dir='ltr'><strong><em>ub</em></strong></span> <span class='ocrx_word' id='word_1_258' title='bbox 333 2652 456 2696; x_wconf 80' lang='lat' dir='ltr'><strong>inser</strong></span> <span class='ocrx_word' id='word_1_259' title='bbox 482 2653 552 2697; x_wconf 90' lang='lat' dir='ltr'><strong><em>Va</em></strong></span> <span class='ocrx_word' id='word_1_260' title='bbox 613 2666 688 2695; x_wconf 90' lang='lat' dir='ltr'><strong><em>om</em></strong></span> <span class='ocrx_word' id='word_1_261' title='bbox 713 2652 860 2697; x_wconf 84' lang='lat' dir='ltr'><strong><em>LGZB</em></strong></span> <span class='ocrx_word' id='word_1_262' title='bbox 884 2653 975 2696; x_wconf 83' lang='lat' dir='ltr'><strong><em>edd</em></strong></span> <span class='ocrx_word' id='word_1_263' title='bbox 1001 2657 1008 2710; x_wconf 89' lang='grc' dir='ltr'>Ι</span> <span class='ocrx_word' id='word_1_264' title='bbox 1036 2649 1091 2708; x_wconf 85' lang='grc' dir='ltr'><strong><em>ἧς</em></strong></span> <span class='ocrx_word' id='word_1_265' title='bbox 1115 2655 1161 2698; x_wconf 89' lang='grc' dir='ltr'><strong><em>Β</em></strong></span> <span class='ocrx_word' id='word_1_266' title='bbox 1283 2658 1308 2696; x_wconf 88' lang='grc'>6</span> <span class='ocrx_word' id='word_1_267' title='bbox 1341 2655 1485 2697; x_wconf 79' lang='grc' dir='ltr'><strong><em>αὐτοῦ</em></strong></span> <span class='ocrx_word' id='word_1_268' title='bbox 1520 2654 1589 2697; x_wconf 88' lang='lat' dir='ltr'><strong><em>Va</em></strong></span> <span class='ocrx_word' id='word_1_269' title='bbox 1620 2652 1702 2695; x_wconf 83' lang='lat' dir='ltr'><strong><em>sed</em></strong></span> <span class='ocrx_word' id='word_1_270' title='bbox 1733 2658 1798 2695; x_wconf 85' lang='grc' dir='ltr'><strong><em>ῶν</em></strong></span> 
     </span>
     <span class='ocr_line' id='line_1_31' title="bbox 103 2709 1798 2767; baseline 0 -15"><span class='ocrx_word' id='word_1_271' title='bbox 103 2724 244 2766; x_wconf 80' lang='lat' dir='ltr'>supra</span> <span class='ocrx_word' id='word_1_272' title='bbox 276 2718 331 2755; x_wconf 85' lang='grc' dir='ltr'><strong><em>οῦ</em></strong></span> <span class='ocrx_word' id='word_1_273' title='bbox 363 2710 433 2754; x_wconf 85' lang='lat' dir='ltr'><strong><em>m²</em></strong></span> <span class='ocrx_word' id='word_1_274' title='bbox 553 2715 579 2753; x_wconf 92' lang='lat'>8</span> <span class='ocrx_word' id='word_1_275' title='bbox 614 2709 719 2754; x_wconf 87' lang='grc' dir='ltr'><strong><em>δότε</em></strong></span> <span class='ocrx_word' id='word_1_276' title='bbox 747 2713 809 2756; x_wconf 88' lang='grc' dir='ltr'><em>Μ</em></span> <span class='ocrx_word' id='word_1_277' title='bbox 836 2711 918 2755; x_wconf 84' lang='lat' dir='ltr'><strong><em>sed</em></strong></span> <span class='ocrx_word' id='word_1_278' title='bbox 949 2710 975 2757; x_wconf 90' lang='grc' dir='ltr'><strong><em>ό</em></strong></span> <span class='ocrx_word' id='word_1_279' title='bbox 1006 2712 1056 2756; x_wconf 90' lang='lat' dir='ltr'><strong><em>in</em></strong></span> <span class='ocrx_word' id='word_1_280' title='bbox 1089 2719 1124 2756; x_wconf 86' lang='grc' dir='ltr'><strong><em>ῶ</em></strong></span> <span class='ocrx_word' id='word_1_281' title='bbox 1157 2726 1258 2756; x_wconf 84' lang='lat' dir='ltr'><strong>corr</strong></span> <span class='ocrx_word' id='word_1_282' title='bbox 1281 2712 1351 2755; x_wconf 78' lang='lat' dir='ltr'><strong><em>m²</em></strong></span> <span class='ocrx_word' id='word_1_283' title='bbox 1378 2715 1383 2767; x_wconf 93' lang='grc' dir='ltr'>Ι</span> <span class='ocrx_word' id='word_1_284' title='bbox 1411 2711 1581 2767; x_wconf 83' lang='grc' dir='ltr'><strong><em>μιαρὸν</em></strong></span> <span class='ocrx_word' id='word_1_285' title='bbox 1613 2711 1683 2754; x_wconf 90' lang='lat' dir='ltr'><strong><em>Va</em></strong></span> <span class='ocrx_word' id='word_1_286' title='bbox 1715 2710 1798 2754; x_wconf 78' lang='lat' dir='ltr'><strong><em>sed</em></strong></span> 
     </span>
     <span class='ocr_line' id='line_1_32' title="bbox 103 2767 1796 2827; baseline 0 -15"><span class='ocrx_word' id='word_1_287' title='bbox 103 2767 126 2812; x_wconf 92' lang='grc' dir='ltr'>ὸ</span> <span class='ocrx_word' id='word_1_288' title='bbox 153 2783 208 2813; x_wconf 83' lang='lat' dir='ltr'><strong><em>ex</em></strong></span> <span class='ocrx_word' id='word_1_289' title='bbox 232 2777 267 2813; x_wconf 86' lang='grc' dir='ltr'><strong><em>ῶ</em></strong></span> <span class='ocrx_word' id='word_1_290' title='bbox 294 2784 395 2814; x_wconf 87' lang='lat' dir='ltr'>corr</span> <span class='ocrx_word' id='word_1_291' title='bbox 418 2769 488 2813; x_wconf 82' lang='lat' dir='ltr'><strong><em>m²</em></strong></span> <span class='ocrx_word' id='word_1_292' title='bbox 608 2774 632 2812; x_wconf 88' lang='lat'>9</span> <span class='ocrx_word' id='word_1_293' title='bbox 666 2769 884 2814; x_wconf 86' lang='grc' dir='ltr'><strong><em>δικασταί</em></strong></span> <span class='ocrx_word' id='word_1_294' title='bbox 905 2772 951 2815; x_wconf 91' lang='lat' dir='ltr'><strong><em>B</em></strong></span> <span class='ocrx_word' id='word_1_295' title='bbox 962 2772 1032 2815; x_wconf 87' lang='lat' dir='ltr'><strong><em>Va</em></strong></span> <span class='ocrx_word' id='word_1_296' title='bbox 1064 2771 1119 2814; x_wconf 84' lang='lat' dir='ltr'><strong><em>cf.</em></strong></span> <span class='ocrx_word' id='word_1_297' title='bbox 1155 2771 1216 2814; x_wconf 82' lang='lat' dir='ltr'><strong><em>ad</em></strong></span> <span class='ocrx_word' id='word_1_298' title='bbox 1241 2786 1284 2827; x_wconf 92' lang='lat' dir='ltr'><strong><em>p.</em></strong></span> <span class='ocrx_word' id='word_1_299' title='bbox 1313 2775 1413 2825; x_wconf 87' lang='grc'><strong><em>480,</em></strong></span> <span class='ocrx_word' id='word_1_300' title='bbox 1432 2775 1457 2814; x_wconf 91' lang='grc'>8</span> <span class='ocrx_word' id='word_1_301' title='bbox 1590 2774 1637 2813; x_wconf 89' lang='lat'><strong><em>11</em></strong></span> <span class='ocrx_word' id='word_1_302' title='bbox 1678 2768 1796 2825; x_wconf 86' lang='grc' dir='ltr'><strong><em>ὁμω-</em></strong></span> 
     </span>
     <span class='ocr_line' id='line_1_33' title="bbox 102 2826 1798 2883; baseline 0 -12"><span class='ocrx_word' id='word_1_303' title='bbox 102 2826 311 2883; x_wconf 86' lang='grc' dir='ltr'><strong><em>μοκότων</em></strong></span> <span class='ocrx_word' id='word_1_304' title='bbox 335 2830 379 2872; x_wconf 91' lang='lat' dir='ltr'><strong><em>L</em></strong></span> <span class='ocrx_word' id='word_1_305' title='bbox 403 2828 514 2873; x_wconf 84' lang='lat' dir='ltr'>Ferr</span> <span class='ocrx_word' id='word_1_306' title='bbox 535 2828 638 2872; x_wconf 90' lang='lat' dir='ltr'><strong><em>Mor</em></strong></span> <span class='ocrx_word' id='word_1_307' title='bbox 760 2834 812 2872; x_wconf 85' lang='lat'><strong><em>12</em></strong></span> <span class='ocrx_word' id='word_1_308' title='bbox 846 2830 931 2873; x_wconf 82' lang='grc' dir='ltr'><strong><em>οὐκ</em></strong></span> <span class='ocrx_word' id='word_1_309' title='bbox 958 2831 1005 2874; x_wconf 88' lang='grc' dir='ltr'><em>Β</em></span> <span class='ocrx_word' id='word_1_310' title='bbox 1029 2832 1077 2874; x_wconf 72' lang='lat' dir='ltr'><strong><em>et</em></strong></span> <span class='ocrx_word' id='word_1_311' title='bbox 1099 2831 1226 2874; x_wconf 84' lang='lat' dir='ltr'>inser</span> <span class='ocrx_word' id='word_1_312' title='bbox 1251 2830 1342 2874; x_wconf 82' lang='lat' dir='ltr'><strong><em>Va²</em></strong></span> <span class='ocrx_word' id='word_1_313' title='bbox 1464 2832 1517 2872; x_wconf 78' lang='lat'><strong><em>13</em></strong></span> <span class='ocrx_word' id='word_1_314' title='bbox 1552 2829 1602 2872; x_wconf 83' lang='grc' dir='ltr'><strong><em>δὲ</em></strong></span> <span class='ocrx_word' id='word_1_315' title='bbox 1628 2830 1672 2873; x_wconf 94' lang='lat' dir='ltr'><strong><em>L</em></strong></span> <span class='ocrx_word' id='word_1_316' title='bbox 1695 2828 1798 2872; x_wconf 87' lang='lat' dir='ltr'><strong><em>Mor</em></strong></span> 
     </span>
     <span class='ocr_line' id='line_1_34' title="bbox 103 2887 1793 2945; baseline 0.001 -16"><span class='ocrx_word' id='word_1_317' title='bbox 103 2887 171 2930; x_wconf 83' lang='lat' dir='ltr'><strong><em>Re</em></strong></span> <span class='ocrx_word' id='word_1_318' title='bbox 294 2892 349 2931; x_wconf 88' lang='grc'><strong><em>18</em></strong></span> <span class='ocrx_word' id='word_1_319' title='bbox 382 2887 440 2943; x_wconf 88' lang='grc' dir='ltr'><strong><em>δὴ</em></strong></span> <span class='ocrx_word' id='word_1_320' title='bbox 469 2888 530 2931; x_wconf 89' lang='lat' dir='ltr'><strong><em>M</em></strong></span> <span class='ocrx_word' id='word_1_321' title='bbox 535 2888 605 2932; x_wconf 91' lang='lat' dir='ltr'><strong><em>Va</em></strong></span> <span class='ocrx_word' id='word_1_322' title='bbox 629 2887 710 2931; x_wconf 84' lang='lat' dir='ltr'><strong><em>sed</em></strong></span> <span class='ocrx_word' id='word_1_323' title='bbox 742 2887 791 2930; x_wconf 89' lang='lat' dir='ltr'><strong><em>in</em></strong></span> <span class='ocrx_word' id='word_1_324' title='bbox 821 2890 1019 2944; x_wconf 70' lang='lat' dir='ltr'><strong>utroque</strong></span> <span class='ocrx_word' id='word_1_325' title='bbox 1051 2889 1078 2945; x_wconf 87' lang='grc' dir='ltr'><em>ὴ</em></span> <span class='ocrx_word' id='word_1_326' title='bbox 1111 2889 1160 2931; x_wconf 92' lang='lat' dir='ltr'><strong><em>in</em></strong></span> <span class='ocrx_word' id='word_1_327' title='bbox 1192 2895 1236 2933; x_wconf 84' lang='grc' dir='ltr'><strong><em>εῖ</em></strong></span> <span class='ocrx_word' id='word_1_328' title='bbox 1266 2902 1366 2932; x_wconf 84' lang='lat' dir='ltr'>corr</span> <span class='ocrx_word' id='word_1_329' title='bbox 1396 2887 1479 2942; x_wconf 82' lang='lat' dir='ltr'><strong><em>m²‚</em></strong></span> <span class='ocrx_word' id='word_1_330' title='bbox 1513 2887 1624 2932; x_wconf 77' lang='lat' dir='ltr'>Ferr</span> <span class='ocrx_word' id='word_1_331' title='bbox 1651 2887 1753 2931; x_wconf 85' lang='lat' dir='ltr'><strong><em>Mor</em></strong></span> <span class='ocrx_word' id='word_1_332' title='bbox 1786 2887 1793 2945; x_wconf 82' lang='grc' dir='ltr'>Ι</span> 
     </span>
     <span class='ocr_line' id='line_1_35' title="bbox 102 2945 501 3002; baseline 0.005 -14"><span class='ocrx_word' id='word_1_333' title='bbox 102 2946 181 2988; x_wconf 83' lang='grc' dir='ltr'><strong><em>καὶ</em></strong></span> <span class='ocrx_word' id='word_1_334' title='bbox 193 2947 253 3002; x_wconf 88' lang='grc'><strong><em>(1)</em></strong></span> <span class='ocrx_word' id='word_1_335' title='bbox 287 2960 360 2990; x_wconf 92' lang='lat' dir='ltr'><strong><em>om</em></strong></span> <span class='ocrx_word' id='word_1_336' title='bbox 389 2945 501 2990; x_wconf 80' lang='lat' dir='ltr'><strong><em>ViC&#39;l</em></strong></span> 
     </span>
     <span class='ocr_line' id='line_1_36' title="bbox 1348 3023 1436 3063; baseline 0.011 -1"><span class='ocrx_word' id='word_1_337' title='bbox 1348 3023 1436 3063; x_wconf 80' lang='lat'><strong><em>33*</em></strong></span> 
     </span>
    </p>
   </div>
  </div>
 </body>
</html>
