2014 3158
990 640 1236 695 XLVIII.

263 761 401 813 Δύο
441 780 537 823 τις
576 757 738 830 ἔχων
777 761 1014 823 παῖδας
1051 761 1165 814 τὸν
1205 759 1431 830 ἕτερον
1463 759 1886 832 ἀπεκήρυξεν.
1927 761 1956 816 ὁ

264 847 367 902 ε’πὶ
406 858 515 919 τῆς
554 850 770 912 οἰκίας
810 849 1204 919 ἀριστεύσας
1243 849 1480 921 ’ᾔτησεν
1520 852 1611 914 εἰς
1649 851 1718 904 τὸ
1765 848 1957 920 γέρας

263 939 376 991 τὸν
439 938 729 1007 ἀδελφὸν
799 938 1283 1008 ἀναληφθῆναι.
1355 940 1780 1002 ἀντειπόντος
1843 946 1957 993 τοῦ

262 1028 503 1098 πατρὸς
542 1027 658 1080 οὐκ
697 1026 973 1081 ἔπεισεν.
1015 1026 1189 1091 ἀξιοῖ
1227 1027 1332 1082 καὶ
1365 1029 1560 1092 αὐτὸς
1591 1028 1958 1099 ἀποκηρύτ-

219 1138 238 1170 ⁶
990 1123 1237 1170 τεσθαι.

174 1240 294 1285 RIV
312 1245 395 1284 687
560 1238 603 1288 1.
648 1235 767 1305 Οὐχ
806 1232 944 1322 ὑπερ
985 1245 1096 1288 τῶν
1134 1231 1328 1308 πρώην
1374 1234 1463 1289 καὶ
1511 1232 1679 1299 αὖθις
1725 1236 1960 1305 ἀνέστην

264 1326 593 1394 δεησόμενος
632 1325 789 1392 ὑμῶν
828 1344 902 1393 τε,
945 1319 985 1377 ὦ
1025 1328 1270 1393 πολῖται,
1317 1323 1407 1378 καὶ
1448 1333 1546 1378 τοῦ
1586 1327 1789 1434 πατρὸς
1829 1324 1960 1378 οὐδ’

263 1415 503 1482 αἰτήσων
558 1412 775 1483 ἐκείνην
829 1415 929 1483 τὴν
986 1415 1199 1484 δωρεὰν
1254 1414 1324 1483 ἣν
1377 1416 1483 1485 πρὸ
1547 1423 1641 1484 τῆς
1697 1413 1959 1485 ὑμετέρας

261 1504 518 1571 γνώσεως
556 1506 730 1572 καλήν
769 1523 825 1556 τε
865 1503 1117 1572 ἡγούμην
1157 1501 1299 1557 εἶναι
1338 1503 1430 1557 καὶ
1465 1504 1788 1574 πρέπουσαν
1825 1503 1959 1573 ὑμῖν

196 1617 239 1649 10
263 1612 320 1646 τε
359 1593 556 1646 δοῦναι
597 1591 687 1645 καὶ
729 1591 847 1660 ἐμοὶ
891 1596 1081 1661 λαβεῖν
1129 1592 1218 1646 καὶ
1267 1602 1619 1664 συγχωρῆσαι
1665 1599 1740 1664 τῷ
1780 1595 1957 1662 πατρί.

261 1680 350 1735 καὶ
390 1683 492 1751 γὰρ
536 1680 606 1735 ἂν
645 1683 849 1745 ἄτοπος
888 1688 1025 1751 εἵην,
1066 1684 1113 1736 εἰ
1147 1683 1180 1736 ἃ
1211 1692 1325 1746 τοῖς
1363 1681 1601 1752 πρώτοις
1640 1685 1826 1752 λόγοις
1857 1681 1959 1735 οὐκ

263 1771 555 1839 ἠδυνήθην
594 1771 734 1838 ὑμᾶς
775 1772 847 1834 ὡς
887 1770 1002 1825 ἐστὶ
1051 1773 1238 1825 δίκαια
1287 1772 1527 1840 διδάξαι,
1574 1771 1700 1842 περὶ
1747 1772 1960 1825 τούτων

263 1856 415 1929 εἶχόν
460 1881 613 1922 τινας
661 1860 885 1924 ἐλπίδας
931 1861 1027 1930 ὡς,
1085 1863 1132 1914 εἰ
1172 1862 1341 1914 πάλιν
1387 1861 1788 1930 ἀκροασαισθε,
1833 1859 1961 1930 τάχ’

263 1947 333 2001 ἂν
373 1948 631 2017 ἐνδοίητε.
688 1950 735 2003 2.
779 1949 890 2002 ἀλλ’
942 1947 1058 2002 ἐπεὶ
1098 1950 1165 2002 τὰ
1203 1950 1428 2003 πάντων
1468 1953 1683 2020 εἴρηταί
1716 1970 1810 2019 μοι
1850 1950 1959 2003 δει-

383 2111 426 2154 L
519 2132 574 2147 =
601 2109 756 2154 Codex
787 2110 1129 2155 Laurentianus
1161 2110 1285 2155 LVII
1309 2116 1362 2154 27

383 2171 430 2214 P
516 2191 572 2206 =
598 2169 836 2213 Parisinus
869 2185 936 2227 gr.
968 2174 1083 2214 3018

383 2229 476 2273 Ath
520 2251 574 2265 =
599 2229 778 2272 Athous
813 2230 991 2273 Laurae
1023 2229 1272 2273 Asshanasii
1303 2232 1346 2273 Ω
1372 2234 1456 2273 123

385 2289 491 2332 Mos
521 2310 574 2324 =
601 2287 893 2344 Mosquensis
925 2288 1242 2333 bibliothecae
1274 2288 1512 2345 synodalis
1545 2293 1629 2332 489

383 2349 429 2391 B
515 2369 569 2383 =
596 2347 879 2392 Barberinus
912 2348 954 2391 II
982 2352 1037 2391 41
1073 2348 1348 2405 (Vaticanus
1380 2347 1566 2391 Barber.
1594 2350 1697 2404 220)

384 2485 408 2523 6
442 2480 735 2538 πραγματική
760 2482 806 2525 P

387 2634 407 2672 1
444 2626 730 2682 Προθεωρία
763 2631 871 2672 ante
904 2629 1004 2673 Δύο
1037 2629 1160 2682 Fert,
1195 2627 1376 2684 Μελέτη
1414 2627 1721 2685 πραγματική.
1754 2628 1857 2672 Mor
1887 2628 1954 2671 Re

324 2687 474 2731 delevi
502 2694 506 2740 Ι
534 2686 603 2739 τίς
627 2687 738 2730 libri
763 2688 854 2730 edd
977 2694 1000 2732 6
1027 2688 1054 2744 ἡ
1081 2687 1238 2744 μελέτη
1266 2689 1374 2731 ante
1404 2689 1501 2745 Οὐχ
1528 2688 1661 2731 Lrubr
1687 2685 1777 2743 ΓΗ
1797 2685 1954 2743 μελέτη

264 2746 572 2804 πραγματική.
607 2747 737 2801 Fen,
775 2746 1060 2803 Φιλάδελφος
1091 2747 1216 2799 ἀξιοῖ
1244 2746 1651 2803 ἀποκηρύττεσθαι
1682 2746 1783 2789 Mor
1813 2746 1882 2789 Re

266 2805 415 2849 delevi
465 2811 471 2861 Ι
521 2807 681 2862 πρώην
712 2805 821 2849 libri
855 2806 943 2849 edd
1080 2811 1131 2850 11
1167 2806 1344 2850 ἄτοπον
1378 2805 1447 2862 εἴη
1474 2807 1568 2850 Am
1599 2805 1710 2849 Fert
1742 2807 1787 2848 et
1819 2822 1872 2861 γρ
1905 2804 1953 2847 in

265 2879 397 2922 marg
426 2865 527 2908 Mor
658 2870 710 2907 12
745 2865 836 2909 ἔστι
862 2866 952 2909 LP
980 2865 1090 2909 Ferr
1224 2870 1276 2907 13
1311 2865 1632 2920 ἀκροάσαισθε
1664 2864 1830 2920 scripsi
1863 2862 1956 2907 coll

265 2938 309 2979 p,
340 2929 440 2978 613,
460 2929 512 2967 19
577 2923 890 2979 ἀκροάσοισθε
922 2923 1030 2966 libri
1063 2924 1154 2967 edd
