2044 3168
207 159 421 204 PATRIS
455 159 663 204 CAEDIS
695 159 894 203 FILIAE
927 157 1278 211 GENERIQUE
1311 157 1608 225 DEFENSIO
1671 156 1779 211 32],

88 301 168 349 hic
201 302 372 350 afferre
404 311 527 363 opus
559 301 757 350 videtur
788 300 970 363 quippe
997 300 1083 362 qui
1115 301 1267 347 etiam
1298 299 1597 348 locutionem
1627 315 1782 362 paene

92 375 298 423 eandem
330 375 571 425 exhibeat.
606 374 817 437 Sopater
841 374 963 422 dicit
986 390 1033 436 p.
1062 375 1184 434 231,
1204 376 1273 422 20
1299 371 1394 422 ἔδει
1419 377 1483 441 τῷ
1510 373 1649 442 δήμῳ
1673 372 1783 440 περὶ

92 446 256 498 αὐτῶν
295 447 753 511 ἀνακοινώσασθαι,
793 447 924 510 apud
963 450 1187 496 nostrum
1226 450 1300 496 est
1338 465 1385 510 p.
1414 449 1592 510 361,8
1634 455 1783 497 ταῦτα

90 521 176 571 καὶ
219 528 515 572 κοινοῦσθαι
560 527 625 593 τῷ
662 521 801 591 δήμῳ
846 519 1098 587 ξυμφέρον
1145 515 1230 588 (cf.
1262 540 1308 585 p.
1338 523 1545 584 360,19
1598 520 1669 571 ὅτι
1716 521 1781 586 μὴ

88 597 451 662 κοινωσάμενος
483 601 547 665 τῷ
573 596 712 666 δήμῳ
745 595 835 660 τὴν
866 595 1071 662 γνώμην
1104 590 1391 663 ἐπλήρουν).

199 672 312 720 Non
351 673 506 737 igitur
543 673 725 719 mirum
764 673 839 719 est
879 670 1012 732 quod
1057 686 1291 719 numerus
1338 670 1560 719 codicum
1601 671 1781 733 quibus

89 745 386 795 declamatio
426 746 490 794 ad
528 746 653 794 hanc
693 746 910 793 aetatem
947 745 1174 807 pervenit
1211 761 1396 807 parvus
1436 749 1512 794 est
1552 747 1602 793 et
1643 747 1781 793 testi-

87 822 258 868 monia
290 820 467 883 quibus
499 820 683 884 singuli
715 819 811 867 loci
844 820 1161 867 continentur
1191 820 1292 868 fere
1325 820 1516 869 desunt.
1574 819 1640 867 Et
1674 836 1780 868 sero

88 894 499 944 declamationem
529 894 580 942 in
615 889 828 956 ‘corpus'
855 896 1105 956 receptam
1138 910 1243 943 esse
1273 894 1387 943 inde
1420 895 1579 943 conici
1617 897 1783 957 potest

90 970 221 1031 quod
251 970 474 1032 plerique
507 968 696 1017 codices
727 970 947 1017 recentes
973 971 1102 1030 sunt,
1134 984 1247 1017 cum
1279 970 1447 1017 nullus
1482 971 1646 1018 aetate
1678 984 1781 1017 sae-

87 1043 250 1092 culum
284 1043 529 1092 decimum
562 1043 793 1104 quartum
826 1042 1042 1092 excedat.

201 1117 329 1166 Sunt
360 1120 527 1166 autem
557 1117 611 1164 hi
645 1119 737 1165 17:

195 1191 386 1254 Incipio
419 1207 449 1239 a
483 1187 876 1254 ‘corporalibus’.

202 1277 245 1323 1.
270 1273 716 1322 Laurentianus
740 1273 882 1320 LVII
908 1275 974 1322 27
1003 1268 1096 1341 (=
1124 1268 1187 1341 L)
1215 1290 1343 1323 anno
1373 1276 1512 1323 1392
1550 1277 1781 1324 exaratus

83 1348 166 1396 fol.
195 1348 314 1396 189.
348 1347 473 1396 Vide
504 1350 539 1396 t.
564 1347 591 1396 Ι
614 1365 659 1410 p.
688 1349 755 1396 59
775 1364 845 1410 sq.
881 1347 1108 1397 Gratiose
1134 1350 1348 1397 contulit
1370 1366 1534 1397 meum
1559 1350 1609 1397 in
1635 1365 1780 1399 usum

84 1422 419 1485 Hieronymus
450 1422 640 1471 Vitelli.

196 1504 272 1551 Ex
302 1504 395 1552 hoc
427 1503 701 1566 descriptus
740 1507 815 1553 est

198 1587 244 1635 2.
277 1585 872 1635 Wolfenbuttelanus
908 1587 1009 1635 511
1049 1585 1304 1635 Gudianus
1337 1604 1408 1652 gr.
1438 1590 1503 1636 77
1538 1603 1663 1637 saec.
1689 1589 1779 1636 XV

85 1660 170 1708 fol.
197 1661 318 1709 203.
354 1660 477 1709 Vide
501 1663 536 1708 t.
562 1660 587 1708 Ι
610 1677 656 1722 p.
685 1661 751 1709 59
772 1676 842 1724 sq.
877 1660 1101 1710 Contulit
1124 1661 1328 1709 Reiskia
1352 1663 1403 1709 in
1428 1678 1571 1711 usum
1595 1663 1779 1711 mariti.

193 1742 269 1790 Ex
299 1743 392 1791 hoc
424 1758 512 1805 per
544 1742 811 1791 editionem
843 1743 1208 1791 Ferrariensem
1242 1743 1388 1791 fluxit

8 1855 10 1857 >
199 1825 244 1872 3.
278 1823 723 1873 Escurialensis
749 1820 951 1874 Τ-ΙΙ-9
980 1819 1110 1893 (145
1137 1826 1189 1873 in
1222 1826 1450 1889 catalogo
1475 1820 1779 1893 Milleriano)

85 1904 208 1946 saec.
234 1898 366 1947 XVI.
420 1898 547 1946 Vide
579 1901 614 1946 t.
640 1898 666 1946 I
696 1915 743 1961 p.
772 1901 854 1949 67.

197 1981 244 2027 4.
277 1980 644 2028 Barberinus
668 1980 719 2028 II
743 1982 807 2029 41
838 1997 968 2030 nunc
991 1981 1264 2030 Vaticanus
1290 1981 1437 2029 Barb.
1467 1983 1572 2032 220
1599 1976 1694 2049 (=
1713 1977 1779 2049 B)

85 2069 210 2102 saec.
235 2054 327 2101 XV
358 2055 444 2104 fol.
471 2056 590 2103 365.
640 2054 766 2102 Vide
798 2057 833 2103 t.
858 2055 884 2103 I
915 2073 961 2118 p.
989 2057 1057 2103 24
1077 2072 1146 2118 sq.
1206 2054 1422 2104 Contuli.

196 2136 414 2185 Transeo
446 2135 510 2183 ad
544 2131 873 2201 ‘eclogarios'.

198 2219 245 2266 5.
276 2218 657 2266 Matritensis
691 2219 851 2279 4679,
894 2219 1012 2267 olim
1052 2219 1207 2268 N-49
1242 2212 1338 2285 (=
1366 2213 1471 2286 Ma)
1504 2235 1630 2268 saec.
1662 2219 1779 2268 XIV

84 2292 170 2340 fol.
205 2293 312 2340 34V.
347 2291 603 2342 Correctus
636 2294 711 2340 est
735 2291 926 2341 duabus
950 2293 1180 2342 manibus
1207 2287 1305 2359 (m2
1328 2297 1377 2342 et
1401 2287 1511 2361 ωδ).
1544 2294 1671 2342 Vide
1695 2297 1730 2342 t.
1755 2295 1779 2342 I

84 2383 132 2428 p.
160 2367 263 2414 362
284 2382 356 2428 sq.
389 2368 439 2414 et
470 2369 506 2415 t.
530 2366 603 2414 IV
634 2384 680 2429 p.
708 2367 829 2414 417.
887 2365 1102 2416 Contuli.

195 2447 270 2496 Ex
302 2447 471 2497 eodem
504 2464 602 2510 quo
635 2449 716 2496 hic
748 2449 1019 2510 exemplari
1049 2450 1297 2498 fluxerunt
1329 2450 1424 2499 duo
1457 2449 1668 2499 codices:

200 2531 245 2578 6.
272 2530 685 2579 Berolinensis
711 2547 782 2593 gr.
805 2532 906 2579 195
927 2531 1046 2578 olim
1065 2531 1558 2580 Claromontanus
1585 2526 1678 2599 (π
1699 2527 1777 2598 Cl)

86 2619 211 2652 saec.
236 2604 353 2651 XIV
384 2604 469 2652 fol.
498 2605 555 2651 7*
579 2597 777 2670 (216v).
827 2603 1084 2653 Correctus
1110 2609 1185 2654 est
1207 2621 1360 2653 manu
1384 2607 1610 2654 secunda.
1655 2606 1778 2654 Vide

84 2680 120 2725 t.
146 2678 217 2724 IV
249 2694 296 2740 p.
323 2679 430 2726 410
449 2693 519 2740 sq.
577 2677 793 2726 Contuli.

87 2755 137 2799 et

51 2838 66 2850 ·
201 2827 246 2874 7.
285 2825 770 2874 Vindobonensis
818 2825 993 2887 philos.
1043 2830 1091 2875 et
1137 2828 1310 2890 philol.
1342 2828 1415 2876 IV
1457 2829 1524 2876 82
1567 2821 1661 2894 (=
1687 2821 1776 2893 Vi)

87 2913 212 2947 saec.
237 2899 355 2946 XIV
392 2900 476 2947 fol.
508 2903 552 2948 1.
618 2899 877 2948 Correctus
918 2903 992 2948 est
1037 2917 1187 2949 manu
1226 2904 1348 2950 satis
1397 2903 1602 2964 antiqua
1642 2895 1776 2969 (m2).

85 2971 213 3020 Vide
244 2975 279 3020 t.
304 2973 350 3019 V
380 2990 427 3035 p.
457 2975 559 3022 169
579 2989 650 3035 sq.
707 2973 920 3022 Contuli.

174 3062 371 3096 eruuos
388 3063 802 3096 ed.Foerster.V11.
1366 3062 1418 3101 21
