2014 3158
876 671 1041 726 XLII.

231 797 539 845 Declamatio
570 795 811 857 inscripta
846 794 1150 862 Τύραννος
1190 791 1408 863 ᾔτησεν
1440 793 1494 854 ἐξ
1535 792 1805 862 ἀστυγεί-

119 889 290 929 τονος
336 868 555 928 πόλεως
602 868 911 935 μειράκιον
959 866 1179 935 ὡραῖον
1226 867 1480 918 ἀπειλῶν
1525 868 1805 934 πόλεμον,

119 944 171 994 εἰ
207 944 280 1009 μὴ
321 943 463 1009 λάβο
481 963 510 993 ι.
557 941 793 1003 ἐδέξατο
832 942 933 992 τὸν
963 942 1222 1008 πόλεμον
1253 940 1284 1007 ἡ
1316 943 1499 1003 πόλις.
1546 942 1807 1009 ἐπῆλθεν

120 1016 145 1068 ὃ
186 1018 490 1085 τύραννος.
552 1015 1064 1083 πολιορκουμένης
1117 1025 1218 1083 τῆς
1271 1017 1492 1077 πόλεως
1538 1015 1564 1067 ὅ
1614 1017 1807 1084 πατὴρ

119 1091 474 1151 ἀποκτείνας
521 1091 580 1142 τὸ
621 1091 932 1156 μειράκιον
971 1090 1217 1158 ἔρριψεν
1257 1090 1368 1141 ἀπὸ
1416 1099 1517 1142 τοῦ
1563 1092 1805 1158 τείχους.

119 1164 487 1226 ἀπελθόντος
519 1173 621 1217 τοῦ
653 1165 950 1232 τυράννου
989 1166 1256 1233 κρίνεται
1287 1165 1500 1229 φόνου,
1534 1183 1635 1230 qua
1665 1169 1809 1230 pater

118 1257 227 1290 cum
267 1241 426 1289 filium
466 1257 495 1289 a
532 1244 748 1304 tyranno
788 1243 1011 1290 amatum
1050 1241 1109 1289 de
1148 1241 1403 1290 moenibus
1440 1241 1576 1290 urbis
1617 1242 1678 1290 ab
1717 1242 1807 1290 illo

118 1316 343 1365 obsessae
383 1315 642 1365 deiecisset
687 1315 925 1378 illumque
971 1318 1029 1364 ut
1076 1316 1238 1364 abiret
1284 1315 1570 1364 adduxisset
1608 1333 1638 1364 a
1675 1316 1807 1365 necis

117 1390 319 1439 crimine
352 1406 403 1438 se
435 1390 669 1452 defendit,
701 1389 763 1439 ab
796 1390 1181 1439 admiratoribus
1211 1390 1473 1439 facundiae
1503 1390 1808 1439 Libanianae

118 1464 250 1513 haud
280 1480 434 1527 parvo
465 1465 647 1527 plausu
678 1467 896 1528 accepta,
937 1465 1057 1527 quin
1098 1466 1250 1512 etiam
1282 1480 1311 1512 a
1343 1463 1420 1512 Ch
1432 1466 1520 1513 ori
1530 1466 1582 1513 ci
1592 1480 1620 1513 o
1653 1465 1809 1513 electa

119 1540 194 1588 est
235 1538 299 1586 ad
341 1539 479 1587 cuius
527 1539 779 1602 exemplar
821 1538 1230 1587 declamationem
1273 1537 1604 1588 παιδοκτόνου
1644 1533 1703 1605 (t.
1736 1539 1808 1587 IV

122 1614 410 1662 771—797
430 1613 474 1661 R
499 1635 568 1652 =
597 1630 644 1676 p.
673 1615 859 1662 205—
874 1614 978 1662 238
1027 1613 1100 1661 ed.
1140 1607 1323 1678 Boiss.)
1335 1607 1376 1680 1)
1425 1615 1751 1676 componeret.
1764 1607 1807 1679 2)

116 1687 295 1750 Itaque
327 1704 425 1735 non
458 1683 716 1750 ‘corporis’
749 1687 928 1736 finibus
961 1687 1174 1736 coercita
1205 1688 1402 1751 mansit,
1439 1688 1525 1736 sed
1559 1689 1611 1735 in
1643 1688 1809 1751 plures

120 1762 314 1825 eclogas
346 1762 546 1811 transiit
577 1777 883 1825 magnusque
918 1764 992 1811 est
1022 1777 1254 1811 numerus
1287 1761 1510 1810 codicum
1535 1762 1714 1824 quibus
1746 1761 1810 1809 ad

118 1836 245 1884 hanc
276 1838 493 1884 aetatem
523 1836 763 1898 pervenit.
818 1835 946 1884 Sunt
977 1838 1143 1884 autem
1173 1836 1224 1884 hi
1259 1838 1350 1886 28:

230 1910 421 1973 Incipio
454 1927 483 1958 a
516 1906 910 1973 ‘corporalibus'.

234 1988 257 2032 1
267 2021 277 2032 .
304 1983 468 2032 Codex
491 1984 565 2032 Hi
576 2002 600 2032 e
611 2002 637 2032 r
646 2000 674 2032 o
685 2000 706 2033 s
717 2001 745 2033 o
755 1985 770 2031 l
780 2002 814 2048 y
825 1985 933 2033 mit
942 2000 1012 2033 an
1022 2002 1055 2032 u
1064 2000 1086 2034 s
1110 1984 1438 2034 bibliothecae
1462 1984 1810 2047 patriarchalis

120 2058 166 2107 S.
201 2057 410 2107 Crucis
444 2060 509 2107 57
546 2052 641 2126 (=
667 2052 755 2125 Cr)
802 2059 1156 2121 palimpsestus
1202 2075 1327 2107 saec.
1352 2054 1444 2124 XI]
1447 2059 1543 2107 XII
1589 2060 1812 2107 continet

120 2132 240 2181 folio
269 2134 383 2180 22Π
407 2131 557 2181 verba
585 2126 689 2199 (καὶ
720 2126 921 2200 τούτου)
954 2131 1094 2198 χάριν
1125 2151 1172 2196 p.
1199 2135 1323 2195 404,
1344 2135 1409 2181 16
1446 2160 1515 2167 —
1547 2137 1812 2197 καθῆσθαι

120 2223 167 2269 p.
194 2208 317 2268 409,
337 2210 362 2255 1
375 2209 427 2268 73
459 2207 579 2255 folio
606 2208 721 2255 21νιΐ
743 2207 895 2256 verba
918 2207 995 2255 his
1019 2207 1331 2256 succedentia
1354 2205 1436 2256 καὶ
1461 2205 1523 2271 δὴ
1550 2235 1620 2241 -
1645 2206 1810 2256 κίνδυ-

120 2298 207 2339 νος
243 2297 292 2343 p.
320 2283 442 2343 414,
462 2283 515 2341 33
555 2282 678 2330 folio
714 2282 865 2330 104'1
894 2281 1046 2329 verba
1083 2281 1161 2330 his
1201 2282 1516 2330 succedentia
1555 2278 1607 2330 δὲ
1644 2274 1709 2346 ἦν
1740 2308 1810 2315 -

122 2354 375 2420 μειρακίου
419 2353 595 2414 κάλλος
632 2372 679 2418 p.
714 2356 778 2402 41
789 2356 835 2417 8,
859 2356 948 2417 183
986 2355 1109 2404 folio
1143 2357 1258 2404 83ΠΕ
1303 2356 1454 2404 verba
1496 2355 1812 2419 παλαίστραις

121 2446 168 2491 p.
195 2430 316 2491 427,
338 2432 362 2476 1
374 2430 403 2476 6
451 2444 609 2491 usque
655 2429 719 2477 ad
757 2429 903 2477 finem
941 2427 1323 2494 καταμέμψομαι
1361 2447 1407 2492 p.
1435 2431 1557 2491 430,
1578 2431 1659 2478 20.
1716 2429 1812 2476 Sed

122 2502 360 2565 pleraque
390 2519 506 2566 pars
538 2504 812 2566 scripturae
843 2503 1021 2552 abrasa
1052 2507 1140 2554 est.
1195 2504 1402 2552 Excussi
1434 2507 1483 2553 et
1519 2520 1644 2566 quae
1678 2506 1810 2552 certo

123 2576 224 2641 legi
254 2579 539 2640 potuerunt,
571 2578 820 2626 adnotavi.
875 2576 1001 2626 Vide
1032 2579 1067 2627 t.
1092 2579 1139 2625 V
1170 2594 1216 2639 p.
1246 2581 1271 2626 1
1282 2579 1349 2626 54
1369 2593 1439 2640 sq.

243 2778 286 2832 2)
319 2776 602 2822 Consensum
634 2776 971 2821 sententiarum
1010 2779 1058 2822 et
1095 2777 1385 2822 locutionum
1425 2775 1702 2834 singillatim
1736 2789 1814 2819 ex-

125 2835 285 2891 posuit
316 2835 506 2880 Carolus
538 2836 714 2880 Rother
739 2836 1066 2880 dissertatione
1090 2836 1449 2881 Vratislaviensi
1479 2835 1706 2892 inscripta
1738 2834 1814 2879 De

129 2892 384 2938 Choricii
417 2895 629 2939 studiis
655 2894 991 2939 Libanianis
1020 2910 1138 2952 quae
1163 2896 1432 2954 propediem
1455 2894 1676 2953 prodibit.
1715 2893 1814 2954 Ego

127 2953 254 3002 locos
286 2954 371 3001 sub
402 2956 535 3003 textu
564 2954 797 3002 indicasse
829 2953 942 3001 satis
973 2954 1131 3002 habui.
