2014 3158
500 145 784 191 DAMNATI
814 145 998 190 EXILII
1028 145 1267 190 ΡΕΤΙΤΙΟ
1626 144 1735 198 523

39 287 124 335 fol.
153 287 296 335 180'.
335 286 461 335 Vide
492 291 528 335 t.
553 287 578 334 I
608 304 655 349 p.
684 288 751 335 59
771 302 842 349 sq.
884 285 1109 335 Contulit
1140 286 1342 334 Reiskia
1372 287 1426 334 in
1456 301 1602 334 usum
1633 302 1736 333 ma-

38 360 127 408 riti
159 361 245 422 qui
277 377 391 409 eum
422 362 593 410 littera
627 362 699 411 W
719 359 994 424 insignivit.

152 434 226 482 Ex
283 435 500 484 editione
547 435 852 484 Ferrariensi
899 450 1025 497 quae
1073 434 1588 482 Wolfenbuttelanum
1645 450 1734 497 pro

38 508 364 559 fundamento
395 510 573 557 habuit
604 510 880 571 descriptus
912 511 987 557 est

154 592 199 638 3.
234 590 680 639 Escurialensis
705 586 907 639 Τ-Π-9
935 583 1067 657 (145
1093 589 1146 637 in
1179 590 1406 653 catalogo
1431 583 1736 655 Milleriano)

39 679 163 712 saec.
188 664 321 714 XVI.
377 665 504 712 Vide
538 668 572 713 t.
597 665 623 713 I
654 682 701 727 p.
731 666 814 713 67.

152 748 199 794 4.
247 746 695 795 Laurentianus
742 745 885 794 LVII
924 748 990 794 21
1041 759 1166 794 saec.
1207 745 1450 811 XIVJXV
1495 746 1579 793 fol.
1616 746 1736 795 289.

40 819 165 867 Vide
198 823 233 868 t.
258 820 305 867 V
335 837 383 883 p.
411 821 516 870 158
536 836 606 882 sq.

154 903 201 950 5.
232 901 598 950 Barberinus
630 901 682 948 H
703 902 769 949 41
798 917 930 949 nunc
949 900 1227 951 Vaticanus
1251 900 1400 949 Barb.
1428 902 1534 949 220
1562 893 1655 968 (=
1673 900 1737 962 B)

39 990 162 1024 saec.
188 975 281 1023 XV
318 975 403 1024 fol.
431 977 575 1024 426v.
639 975 767 1023 Vide
798 977 834 1025 t.
857 975 884 1023 I
914 992 962 1038 p.
990 976 1058 1023 24
1077 991 1148 1038 sq.
1213 974 1439 1024 Contulit
1481 992 1645 1024 meum
1684 977 1738 1022 in

39 1064 184 1097 usum
215 1048 334 1098 Pius
365 1050 580 1097 Franchi
612 1050 670 1098 de
705 1049 990 1099 CavaleriiS.

152 1124 370 1173 Transeo
404 1123 466 1171 ad
501 1119 828 1188 ‘eclogarios'.

154 1206 199 1253 6.
231 1204 547 1254 Parisinus
573 1222 643 1269 gr.
671 1206 814 1254 3018
845 1202 937 1268 (=
963 1199 1027 1271 P)
1052 1220 1178 1253 saec.
1202 1204 1295 1252 XV
1318 1205 1402 1254 fol.
1431 1207 1576 1254 134'.
1624 1204 1739 1254 Cor-

38 1281 201 1327 rectus
248 1281 323 1327 est
368 1295 520 1328 manu
566 1279 793 1328 secunda.
857 1278 1104 1328 Adhibuit
1149 1279 1401 1327 Morellus.
1458 1278 1585 1328 Vide
1631 1282 1668 1328 t.
1693 1279 1740 1326 V

38 1369 86 1415 p.
116 1354 218 1401 173
238 1368 310 1415 sq.
343 1356 394 1402 et
425 1369 578 1416 supra
607 1371 655 1416 p.
684 1355 788 1402 239
821 1356 924 1402 not.
952 1355 998 1402 3.
1049 1352 1266 1401 Contuli.

154 1436 198 1483 7.
231 1434 575 1483 Marcianus
607 1452 677 1500 gr.
704 1437 810 1484 439
845 1429 941 1502 (=
965 1427 1041 1502 M)
1075 1450 1199 1483 saec.
1224 1430 1469 1501 XIIJXIH
1505 1436 1589 1483 fol.
1617 1436 1738 1484 213.

39 1507 239 1556 Scholia
278 1509 509 1571 apposita
548 1511 667 1558 sunt
703 1509 756 1556 in
795 1509 1019 1574 margine
1059 1509 1289 1559 manibus
1332 1509 1529 1558 librarii
1559 1502 1656 1575 (m)
1690 1511 1741 1557 et

38 1582 362 1631 rubricatoris
395 1576 578 1649 (rubr).
632 1582 760 1632 Vide
791 1585 828 1630 t.
852 1583 900 1630 V
929 1600 977 1645 p.
1007 1584 1110 1632 168
1129 1599 1200 1645 sq.
1257 1582 1471 1633 Contuli.

146 1665 193 1712 8.
218 1664 452 1713 Athous
477 1665 710 1713 Laurae
737 1664 784 1713 S.
801 1664 1127 1713 Athanasii
1150 1665 1203 1712 Ω,
1223 1666 1328 1713 123
1349 1659 1443 1731 (=
1461 1658 1588 1731 Ath)
1615 1679 1739 1712 saec.

38 1738 162 1786 XIII
185 1739 269 1786 fol.
299 1741 418 1787 136.
461 1738 722 1803 Singulare
754 1740 829 1787 est
861 1739 1082 1787 scholion
1107 1738 1169 1786 ad
1197 1756 1244 1801 p.
1273 1739 1395 1800 535,
1415 1740 1460 1787 3.
1494 1738 1622 1787 Vide
1652 1740 1688 1786 t.
1713 1738 1740 1786 I

10 1821 14 1823 “
38 1829 85 1875 p.
114 1813 218 1861 323
238 1829 308 1875 sq.
359 1811 586 1861 Contulit
616 1829 779 1861 meum
802 1814 856 1861 in
879 1829 1023 1862 usum
1046 1813 1328 1861 Alexander
1354 1813 1633 1873 Lauriotes,
1665 1813 1742 1861 vir

39 1886 256 1948 optimae
288 1889 571 1935 memoriae.

153 1970 200 2016 9.
231 1969 612 2017 Matritensis
646 1970 814 2029 4679,
853 1968 974 2017 olim
1012 1969 1167 2016 N-49
1196 1962 1291 2034 (=
1317 1961 1423 2035 Ma)
1465 1984 1589 2017 saec.
1622 1968 1741 2016 XIV

0 2032 1 2069 l
39 2042 123 2090 fol.
153 2043 270 2091 106.
329 2042 589 2091 Coi-rectus
629 2045 705 2090 est
742 2058 897 2090 manu
936 2042 1150 2091 secunda
1182 2035 1303 2109 (m2)
1337 2059 1395 2090 ex
1435 2043 1535 2091 alio
1576 2043 1740 2091 codice

40 2118 91 2164 et
127 2133 279 2164 manu
319 2118 486 2166 tertia.
541 2117 667 2164 Vide
699 2119 735 2166 t.
759 2116 786 2164 I
816 2133 863 2178 p.
891 2118 994 2165 362
1015 2132 1085 2179 sq.
1119 2119 1170 2165 et
1199 2119 1234 2164 t.
1259 2116 1332 2164 IV
1363 2134 1410 2179 p.
1437 2119 1558 2165 417.
1617 2116 1740 2166 Con-

36 2190 158 2238 tulit
187 2207 352 2238 meum
382 2192 436 2238 in
466 2206 611 2239 usum
642 2190 886 2239 Henricus
921 2190 1258 2240 Schenkelius,

154 2273 235 2320 10.
254 2273 667 2321 Berolinensis
684 2288 755 2335 gr.
770 2273 872 2321 195
893 2272 1013 2319 olim
1031 2271 1535 2321 Claromontanus
1551 2266 1738 2338 (=01)

39 2359 164 2394 saec.
189 2345 308 2393 XIV
338 2346 423 2394 fol.
453 2348 557 2394 134
591 2338 763 2412 (342).
819 2345 946 2393 Vide
976 2347 1012 2393 t.
1038 2345 1111 2392 IV
1142 2364 1190 2409 p.
1216 2348 1324 2396 410
1343 2362 1413 2408 sq.
1471 2345 1686 2394 Contuli.

157 2429 240 2475 11.
288 2427 622 2475 Vaticanus
670 2443 742 2490 gr.
778 2427 845 2475 82
881 2419 977 2493 (=
1002 2420 1105 2493 Va)
1152 2442 1277 2478 saec.
1310 2428 1429 2476 XIV
1475 2428 1559 2476 fol.
1596 2428 1740 2475 150¹&

47 2499 308 2549 Correctus
342 2504 416 2550 est
447 2517 598 2549 manu
630 2500 860 2549 secunda.
901 2500 1026 2548 Vide
1059 2504 1094 2549 t.
1119 2501 1145 2548 I
1175 2518 1222 2563 p.
1248 2502 1317 2549 48
1338 2517 1408 2563 sq.
1450 2500 1666 2550 Contuli.

156 2582 237 2631 12.
270 2581 586 2631 Parisinus
618 2598 690 2645 gr.
719 2583 862 2630 3014
896 2597 1020 2630 saec.
1045 2581 1164 2629 XIV
1187 2583 1270 2630 fol.
1301 2584 1445 2631 193&
1478 2581 1606 2630 Vide
1630 2584 1663 2629 t.
1689 2581 1741 2629 ΙΙ

39 2671 86 2717 p.
115 2657 218 2703 375
239 2671 309 2717 sq.
350 2658 385 2703 t.
419 2656 464 2702 V
503 2674 549 2718 p.
588 2655 691 2703 198
733 2658 783 2703 et
822 2671 972 2717 supra
1010 2673 1057 2718 p.
1088 2656 1153 2704 78
1196 2658 1246 2703 et
1288 2657 1408 2705 206.
1471 2655 1739 2703 Adhibitus

46 2731 122 2776 est
152 2745 181 2776 a
212 2730 433 2778 Morello.

151 2803 227 2850 Ex
259 2803 430 2851 eodem
461 2803 731 2864 exemplari
761 2802 908 2851 fluxit

156 2878 238 2925 13.
272 2876 588 2925 Parisinus
624 2892 694 2939 gr.
732 2877 870 2924 2961
918 2891 1041 2925 saec.
1067 2876 1159 2924 XV
1199 2876 1283 2924 fol.
1320 2879 1426 2924 11'.
1475 2875 1602 2923 Vide
1627 2878 1662 2923 t.
1690 2875 1748 2923 II*

43 2965 91 3012 p.
119 2950 222 2998 188
242 2965 311 3011 sq.
345 2953 394 2998 et
424 2953 459 2998 t.
486 2950 533 2997 V
563 2967 609 3012 p.
640 2951 759 2997 195.
