2044 3168
210 114 317 167 31'8
654 113 920 172 [LIBANII]
953 112 1343 158 DECLAMATIO
1375 113 1453 157 XL

207 256 395 303 multae
428 255 543 302 illae
577 255 727 302 durae
753 254 1014 304 verborum
1038 257 1319 303 structurae
1342 256 1400 302 ut
1422 272 1469 316 p.
1498 256 1619 319 337,
1642 257 1707 303 14
1735 258 1783 304 et
1812 258 1901 318 17;

210 332 331 390 343,
346 332 410 378 13
424 345 516 391 sq.;
545 331 666 389 347,
681 331 769 389 16,
798 330 998 390 356,16
1019 331 1069 376 et
1085 329 1262 393 longae
1280 330 1652 377 enuntiatorum
1669 330 1901 394 ambages

206 407 266 452 ut
283 406 452 452 statim
472 403 532 452 ab
550 404 695 451 initio
713 402 744 465 ἓ
764 407 789 451 1
811 406 862 450 et
881 405 927 452 2.
952 403 1027 451 Ne
1045 403 1373 465 aequabilitas
1393 404 1590 465 quidem
1608 405 1900 454 elocutionis

209 479 410 542 agnosci
448 480 625 540 potest.
687 477 911 526 Dictioni
956 479 1009 525 in
1047 478 1331 527 universum
1374 478 1569 526 ieiunae
1609 481 1899 542 argumento

207 553 370 600 hercle
395 568 512 601 sane
536 552 820 615 refragante
845 553 1004 600 multa
1028 552 1270 600 vocabula
1295 551 1453 600 omnis
1479 554 1671 615 generis
1695 568 1898 615 poeseos

207 628 495 675 intermixta
533 628 649 674 sunt
689 622 888 693 (ἄγλαΐα
919 643 964 689 p.
994 627 1224 688 331,19,
1256 623 1377 675 ἕδνα
1399 643 1446 688 p.
1474 628 1597 689 334,
1617 629 1670 689 2,
1705 629 1826 689 336,
1847 630 1900 689 2,

207 701 360 766 κῆδος
385 718 431 763 p.
459 702 580 762 332,
602 703 669 750 10
695 703 746 748 et
780 703 870 762 17,
906 702 1100 762 334,4,
1135 702 1257 762 351,
1278 702 1368 762 13,
1401 701 1565 766 μεῖραξ
1591 719 1638 763 p.
1666 703 1899 764 330,10,

207 777 338 840 λῆμα
375 793 421 838 p.
450 776 652 836 358,4,
699 773 928 838 κήπευμα
965 792 1012 837 p.
1041 776 1245 837 359,1,
1292 774 1541 840 σπλάγχνα
1584 792 1630 838 p.
1659 776 1899 839 356,19,

209 849 539 914 μυσάττεσθαι
565 866 613 911 Ρ.
642 850 764 911 337,
784 850 839 911 5,
873 850 995 910 351,
1016 851 1104 911 12,
1138 847 1568 912 ἀντιπαλαμᾶσθαι
1591 866 1639 911 Ρ.
1667 851 1787 912 332,
1809 852 1899 910 14,

208 923 446 990 νεόγαμος
483 941 531 985 p.
559 925 687 985 339,
709 926 737 971 9
781 926 931 985 atque
972 924 1104 971 inter
1149 924 1270 971 haec
1309 925 1462 971 etiam
1505 921 1764 986 Oppianea
1802 921 1900 972 ε’πι-

136 1028 139 1030 -
207 997 520 1063 τεχνάζεσθαι
550 1015 597 1060 Ρ.
626 998 746 1058 348,
767 1000 859 1060 20,
890 996 1146 1064 ἐπαρτύειν
1169 1014 1216 1060 p.
1244 999 1365 1059 336,
1389 1000 1478 1058 11,
1514 1000 1635 1058 345,
1657 1002 1710 1061 1,
1744 1016 1898 1062 φυτη-

207 1076 376 1136 κομεῖν
415 1090 461 1135 p.
491 1073 731 1134 358,14,
777 1072 1045 1121 Nonniana
1091 1072 1394 1136 μεταμείβειν
1441 1089 1488 1134 Ρ.
1517 1073 1720 1134 356,1,
1767 1072 1900 1120 Ana-

208 1149 436 1195 creontea
479 1144 708 1211 προδότις
747 1139 943 1213 (εὐνῆς)
987 1163 1033 1208 Ρ.
1062 1147 1294 1208 352,16,
1342 1144 1604 1211 ἐφευρετὴς
1636 1139 1897 1213 (μοιχείας)

207 1238 253 1283 Ρ.
289 1215 545 1286 345,14).
608 1221 682 1268 Ne
721 1220 889 1269 dorica
925 1221 1124 1283 quidem
1172 1222 1333 1268 forma
1371 1218 1544 1268 ἐσεῖται
1588 1237 1634 1282 Ρ.
1663 1222 1899 1283 327,11,

209 1311 334 1358 quae
366 1296 514 1342 metri
545 1296 837 1343 necessitate
871 1295 1024 1343 etiam
1058 1295 1109 1342 in
1143 1293 1282 1343 Orac.
1318 1294 1418 1343 Sib.
1443 1294 1521 1342 III
1547 1296 1651 1343 363
1685 1295 1899 1358 irrepsit,

207 1372 373 1432 spreta
399 1372 485 1417 est.
522 1369 601 1416 Ad
625 1370 745 1417 haec
770 1370 960 1418 accedit
982 1385 1166 1432 magna
1190 1369 1333 1432 copia
1356 1369 1437 1417 vel
1459 1369 1811 1418 vocabulorum
1837 1369 1898 1416 ab

206 1460 302 1492 usu
333 1442 533 1491 Libanii
565 1443 853 1505 alienorum,
884 1447 942 1492 ut
972 1443 1334 1510 βαρυδαιμονία
1365 1461 1411 1507 Ρ.
1440 1444 1561 1506 330,
1581 1445 1636 1506 6,
1674 1442 1899 1509 ζώπυρον

206 1535 253 1580 Ρ.
282 1519 402 1580 330,
424 1520 513 1579 10,
546 1516 829 1581 νεόνυμφος
858 1535 905 1580 Ρ,
934 1519 1165 1580 324,13,
1207 1517 1559 1580 εὐεξαπάτητος
1590 1535 1638 1580 Ρ.
1665 1519 1897 1581 325,13,

207 1590 442 1642 εἰσέπειτα
457 1609 504 1654 Ρ.
525 1593 750 1654 332,19,
769 1592 1015 1656 μετέπειτα
1031 1610 1077 1655 Ρ.
1099 1593 1285 1655 330,6,
1314 1593 1538 1654 356,22,
1556 1591 1899 1656 δυσμεναίνειν

207 1684 253 1729 Ρ.
281 1669 403 1728 340,
425 1668 515 1728 19,
550 1668 670 1727 344,
692 1670 744 1728 9,
776 1665 1043 1732 ἔπελέγχειν
1074 1684 1120 1729 Ρ.
1149 1668 1271 1728 331,
1291 1669 1382 1728 20,
1413 1666 1686 1731 θεατρίζειν
1709 1683 1755 1729 Ρ.
1778 1668 1898 1728 341,

210 1743 301 1803 20,
326 1739 651 1800 ἑκπομπεύειν
675 1758 722 1802 Ρ.
742 1742 864 1803 333,
885 1744 975 1803 17,
1007 1739 1374 1805 προπομπεύειν
1390 1757 1435 1802 Ρ.
1457 1741 1646 1802 333,3,
1673 1741 1898 1803 339,11,

208 1819 466 1880 σκαιωρεῖν
491 1818 541 1862 et
572 1815 809 1880 σκαιωρία
841 1816 901 1863 cf.
934 1815 998 1862 ad
1028 1832 1074 1878 p.
1104 1816 1336 1876 325,15,
1367 1812 1672 1863 ὑπανάπτειν
1702 1831 1748 1876 Ρ.
1777 1816 1899 1875 333,

210 1892 239 1937 2
275 1892 325 1937 et
369 1891 459 1951 15,
506 1887 825 1957 ἐκτραγῳδεῖν
862 1906 909 1952 Ρ.
938 1891 1173 1952 344,19,
1219 1889 1553 1955 ἐμβριμᾶσθαι
1590 1906 1637 1951 Ρ.
1665 1889 1898 1950 336,16,

207 1961 549 2022 ἕναποστάζειν
595 1981 642 2025 Ρ.
677 1965 889 2026 325,1,
944 1961 1192 2012 ἐπακονᾶν
1237 1980 1283 2025 Ρ.
1320 1965 1448 2019 343,
1476 1964 1565 2023 18,
1613 1961 1898 2025 ἐπιστύφειν

207 2055 254 2100 Ρ.
282 2039 404 2100 347,
423 2040 476 2099 2,
509 2036 876 2086 ἐπαπειλεῖσθαι
907 2054 954 2100 Ρ.
982 2040 1103 2101 347,
1123 2039 1179 2100 4,
1220 2039 1458 2085 κατελεεῖν
1492 2040 1539 2085 et
1570 2038 1900 2085 κατελεεῖσθαι

207 2130 254 2175 Ρ.
281 2113 450 2173 328,1
494 2114 545 2160 et
586 2113 788 2173 346,4,
835 2112 1082 2161 καταιδεῖν
1121 2114 1170 2160 et
1207 2111 1547 2160 καταιδεῖσθαι
1583 2127 1630 2172 Ρ.
1659 2111 1897 2171 338,19,

210 2187 333 2247 315,
353 2188 406 2246 8,
435 2187 555 2248 363,
577 2187 631 2249 6,
664 2183 921 2249 ἕλλάμπειν
945 2203 991 2248 Ρ.
1020 2188 1142 2247 330,
1163 2188 1252 2247 12,
1285 2183 1575 2234 ἀποσιωπᾶν
1599 2201 1645 2247 Ρ.
1666 2185 1787 2244 355,
1807 2187 1899 2246 21,

207 2259 576 2325 παραπολαύειν
608 2278 652 2322 Ρ.
682 2261 803 2321 361,
825 2263 916 2323 17,
947 2263 1396 2326 προσαναπληροῦν
1427 2276 1474 2322 Ρ.
1502 2260 1624 2316 363,
1643 2261 1697 2320 2,
1728 2271 1898 2322 προσε-

208 2332 626 2397 πιδαψιλεύεσθαι
657 2350 704 2395 Ρ.
724 2335 845 2396 363,
867 2337 919 2396 1,
951 2331 1392 2399 προσδιαλέγεσθαι
1424 2350 1470 2395 Ρ.
1498 2333 1618 2393 346,
1639 2335 1693 2394 3,
1725 2346 1898 2397 προσε-

207 2407 513 2472 πιχαράττειν
530 2425 575 2469 Ρ.
592 2410 713 2469 349,
736 2412 787 2470 1,
819 2407 1184 2474 προϋφιστάναι
1207 2425 1254 2470 Ρ.
1275 2409 1396 2468 351,
1418 2410 1500 2468 11,
1523 2407 1603 2455 vel
1627 2408 1898 2455 formarum

209 2482 270 2530 ab
303 2498 359 2530 eo
398 2483 692 2543 vitaturum,
732 2484 789 2530 ut
826 2483 1226 2544 imperfectorum
1267 2478 1479 2547 ὡρώμην
1518 2497 1564 2543 Ρ.
1592 2482 1798 2542 329,21
1849 2482 1899 2528 et

207 2553 416 2619 ’ἤμελλον
433 2573 478 2619 Ρ.
499 2557 686 2617 347,3,
714 2556 902 2618 361,5,
935 2557 1088 2605 activi
1111 2554 1349 2620 ἐκβιάζειν
1365 2572 1410 2617 Ρ.
1432 2556 1619 2615 325,7,
1644 2554 1723 2603 vel
1748 2553 1897 2616 signi-

208 2629 496 2678 ficationum
536 2629 887 2678 vocabulorum
934 2631 980 2678 ei
1025 2630 1364 2691 insolitarum,
1409 2631 1466 2676 ut
1512 2627 1660 2692 ἱερεῖα
1692 2649 1760 2666 =
1794 2626 1898 2693 ἱερά

209 2719 255 2765 Ρ,
284 2705 406 2764 330,
426 2706 479 2764 2,
513 2700 655 2752 ὁπότε
686 2719 775 2765 pro
809 2702 883 2752 ὅτε
915 2721 961 2766 Ρ.
989 2704 1220 2766 364,15,
1263 2700 1471 2768 ἄγεσθαι
1496 2723 1565 2740 =
1590 2704 1898 2750 matrimonio

210 2778 328 2825 dare
351 2794 397 2839 p.
417 2779 642 2839 347,16,
666 2777 975 2842 κατακρίνειν
999 2776 1107 2825 τινα
1130 2795 1174 2825 τι
1198 2793 1244 2839 Ρ.
1266 2777 1491 2837 350,18,
1515 2773 1743 2835 ἀξύνετός
1768 2792 1898 2833 τινος

211 2845 322 2916 (τοῦ
345 2868 393 2899 τε
418 2851 613 2899 δικαίου
638 2849 719 2899 καὶ
743 2857 840 2899 τῶν
864 2844 1054 2916 νόμων)
1075 2873 1144 2890 =
1162 2853 1366 2911 iynarus
1390 2851 1599 2899 alieuius
1622 2851 1755 2911 reip.
1776 2850 1897 2908 342,

213 2926 267 2987 9,
297 2923 395 2973 ὑπὸ
422 2945 490 2963 =
517 2923 597 2972 διὰ
629 2943 675 2987 Ρ.
705 2926 824 2986 365,
845 2927 874 2973 3
918 2921 1198 2988 ὀφθαλμῶν
1228 2917 1319 2987 ὑφ’
1356 2916 1609 2983 ὧν-εἷδον,
1649 2940 1694 2986 p.
1724 2924 1845 2983 333,
1864 2923 1894 2969 8
