2044 3168
208 1097 251 1129 10

205 1541 246 1574 15

203 1988 246 2020 20

279 134 388 187 334
726 134 992 195 [LIBANn]
1024 135 1415 181 DECLAMATIO
1447 135 1525 182 XL

278 278 441 324 τοῦτο
482 280 592 325 τῶν
631 270 908 341 ἡμετέρων
949 282 1254 342 συμφορῶν
1293 274 1355 326 τὸ
1395 276 1703 343 προοίμιον.
1751 276 1825 339 ὡς
1864 278 1967 348 γὰρ

279 360 419 413 οἴκοι
458 361 591 427 μετὰ
630 371 740 413 τῶν
779 360 957 414 ἕδνων
996 362 1203 431 τούμὸν
1244 359 1353 432 εἶχε
1391 364 1702 431 θυγάτριον
1744 363 1834 418 καὶ
1883 367 1972 433 δεή

279 451 481 518 σπότης
518 445 588 518 ἦν
626 457 727 503 τοῦ
766 459 861 520 τῆς
893 453 1154 519 γυναικὸς
1186 453 1451 520 σώματος,
1483 454 1805 520 βουλεύεται
1837 456 1969 522 βου-

278 540 380 607 λὴν
419 538 795 608 ἀνοσιωτάτην
833 537 924 592 καὶ
963 548 1062 593 τοῦ
1094 541 1299 609 κήδους
1332 539 1570 605 ἀνάξιον.
1612 541 1714 613 ὁρᾷ
1743 544 1808 596 τὰ
1840 545 1968 613 χρή-

276 648 433 696 ματα,
475 631 742 696 λογίζεται
781 629 882 697 τὴν
914 628 1226 699 ἀφαίρεσιν,
1260 633 1634 698 συλλογίζεται
1665 632 1763 685 τὸν
1793 634 1968 701 νόμον

276 712 372 784 ὑφ’
419 711 486 768 οὗ
533 718 594 770 τὸ
641 718 815 786 μηδὲν
868 716 1014 787 ἔχειν
1067 720 1169 788 τὴν
1219 718 1620 789 μοιχευομένην
1667 721 1966 791 διώρισται.

277 804 542 859 ἐντεῦθεν
581 805 965 876 ἐπιβουλεύειν
1005 808 1226 877 ἄρχεται
1266 816 1329 879 τῇ
1369 811 1607 877 γυναικί.
1652 810 1734 864 17.
1773 811 1864 863 καὶ
1901 811 1968 863 τὰ

275 902 369 964 τῆς
407 893 719 965 ἐπιβουλῆς,
759 893 800 949 ὦ
837 901 947 949 Ζεῦ
987 898 1077 950 καὶ
1103 896 1250 968 ’Ἡρα
1288 898 1377 951 καὶ
1417 898 1614 961 πάντες
1653 899 1809 952 ἄλλοι
1850 899 1967 951 δαί-

273 983 438 1051 μονές
493 1004 548 1038 τε
601 983 692 1038 καὶ
747 985 873 1040 θεοὶ
927 988 1209 1055 γαμήλιοι,
1261 985 1349 1040 ἐπὶ
1403 989 1505 1056 τὴν
1557 995 1653 1057 τῆς
1705 990 1967 1056 γυναικὸς

275 1073 488 1141 ἀπάτην
527 1074 745 1143 ὥρμησε
783 1072 875 1127 καὶ
914 1075 1013 1128 τὸν
1051 1075 1247 1144 μοιχὸν
1293 1076 1459 1139 αὐτὸς
1498 1075 1966 1145 σχηματισάμενος

275 1162 530 1231 ἀγγελίας
576 1162 666 1216 καὶ
715 1165 918 1232 λόγους
958 1164 986 1217 ὁ
1026 1170 1182 1227 θεοῖς
1233 1163 1433 1234 ἐχθρὸς
1478 1166 1837 1235 προῦπεμψεν
1884 1159 1966 1227 οἷς

273 1250 343 1304 ἂν
389 1253 477 1305 καὶ
523 1253 713 1322 μοιχὸς
760 1252 972 1322 ἀληθὴς
1017 1256 1276 1323 χρήσαιτο
1323 1255 1414 1307 καὶ
1470 1256 1620 1324 δῶρα
1673 1254 1965 1324 προῦτεινε

273 1341 363 1394 καὶ
393 1341 714 1411 ὑποσχέσεις
745 1341 1120 1411 προύβάλλετο
1154 1341 1226 1395 δι’
1259 1337 1338 1396 ὧν
1370 1344 1440 1397 ἂν
1470 1342 1560 1396 καὶ
1593 1351 1966 1414 σωφρονοῦσα

273 1432 412 1499 γυνὴ
460 1431 665 1502 ῥᾳδίως
715 1431 786 1484 ἂν
833 1434 910 1495 εἰς
958 1431 1170 1501 ἀπάτην
1214 1434 1484 1502 προήχθη.
1558 1432 1640 1485 18.
1680 1433 1712 1502 ἡ
1763 1429 1823 1486 δὲ
1873 1433 1964 1486 καὶ

272 1519 557 1590 προσάπαξ
604 1518 939 1590 ἐνοχλοῦντα
985 1520 1075 1574 καὶ
1122 1521 1385 1585 πολλάκις
1430 1521 1833 1591 ἀποσεισαμένη
1880 1541 1964 1575 τε-

273 1612 527 1662 λευταῖον
565 1610 625 1662 τὸ
666 1607 767 1679 μὲν
805 1610 1118 1680 ὑπαχθεῖσα
1157 1620 1272 1674 τοῖς
1311 1612 1528 1680 δώροις,
1567 1611 1628 1664 τὸ
1671 1609 1718 1663 δ’
1767 1610 1961 1680 ἀπατη-

271 1703 435 1751 θεϊσα
474 1708 589 1762 τοῖς
620 1698 1033 1768 ὑπεσχημένοις,
1074 1703 1132 1752 τί
1165 1701 1268 1770 γὰρ
1309 1701 1386 1763 εἰς
1418 1699 1631 1769 ἀπάτην
1662 1699 1961 1753 ἁπλούστε-

272 1807 374 1856 ρον
413 1790 696 1855 γυναικός;
737 1787 769 1857 ἢ
808 1791 866 1841 τί
907 1797 1001 1857 τῆς
1039 1797 1238 1859 μιαρᾶς
1278 1787 1489 1858 ἐκείνης
1535 1788 1831 1858 ἐπιβουλῆς
1871 1789 1962 1842 δο-

271 1877 552 1946 λιώτερον,
592 1877 662 1946 ἣν
700 1877 808 1930 ὑπὸ
847 1881 1172 1950 παλαμναίῳ
1212 1883 1286 1950 τῷ
1320 1879 1543 1948 δαίμονι
1582 1879 1747 1941 κακὸς
1783 1887 1961 1940 κακῶς

271 1965 475 2029 ἐκεῖνος
499 1965 527 2018 ὁ
552 1966 853 2036 κατάρατος
878 1965 1234 2036 ἐσκαιώρησε;
1265 1973 1482 2038 παρορᾷ
1504 1967 1605 2036 μὲν
1635 1968 1764 2029 τοὺς
1797 1966 1960 2034 ἐμοὺς

270 2057 469 2122 λόγους
509 2054 606 2118 οὓς
642 2058 883 2118 πολλοὺς
929 2055 1191 2119 πολλάκις
1239 2056 1374 2126 αὐτῇ
1421 2056 1545 2126 περὶ
1594 2056 1960 2126 σωφροσύνης

339 2220 424 2318 342}
448 2215 604 2319 {epam
638 2215 722 2260 1.1.
757 2231 800 2272 p.
831 2221 930 2272 230,
951 2222 971 2259 1
1129 2222 1179 2260 11
1223 2216 1279 2262 cf.
1313 2232 1359 2273 p.
1382 2221 1482 2271 349,
1503 2221 1557 2260 14
1711 2221 1763 2259 12
1798 2230 1863 2271 sq.
1899 2215 1956 2260 cf.

268 2290 312 2331 P·
429 2310 440 2330 2

387 2429 411 2466 2
447 2422 594 2467 ἕδνων
626 2423 790 2480 scripsi
817 2438 840 2468 e
866 2425 985 2469 LPa
1047 2424 1195 2469 ἔδνων
1223 2425 1480 2469 MaOlViB
1491 2424 1560 2468 Va
1585 2423 1674 2467 edd
1700 2423 1758 2468 cf.
1783 2439 1828 2480 p.
1854 2428 1957 2478 336,

268 2488 292 2526 2
345 2484 351 2538 Ι
400 2483 572 2539 τούμὸν
603 2483 714 2526 Ferr
746 2483 846 2526 Mor
877 2484 957 2527 sed
990 2484 1038 2527 in
1071 2484 1159 2528 hoc
1198 2501 1252 2540 γρ
1287 2483 1310 2527 ὃ
1344 2483 1426 2540 μὲν
1458 2483 1507 2526 in
1538 2497 1673 2540 marg
1815 2487 1840 2526 6
1873 2481 1950 2539 ἐφ’

268 2542 378 2584 Ferr
515 2546 568 2586 10
602 2541 807 2599 ὥρμησεν
843 2544 910 2586 Va
1047 2548 1098 2586 11
1133 2543 1211 2587 καὶ
1243 2557 1318 2587 om
1345 2543 1617 2587 MaClBVa
1665 2543 1671 2601 1
1721 2540 1884 2599 λόγους
1908 2543 1954 2586 Β

268 2601 348 2644 sed
381 2619 407 2658 y
438 2601 488 2644 in
514 2615 590 2644 ras
614 2602 685 2644 m²
719 2605 725 2656 Ι
752 2600 1057 2657 προῦπεμψεν
1090 2602 1254 2659 scripsi
1279 2615 1304 2646 e
1327 2601 1458 2645 libris
1491 2600 1807 2658 (προέπεμψεν
1833 2603 1893 2658 L)

267 2659 523 2717 ἐξέπεμψεν
556 2661 665 2705 Ferr
696 2660 797 2704 Mor
821 2661 901 2704 sed
926 2661 975 2703 in
999 2662 1087 2705 hoc
1112 2679 1165 2718 γρ
1190 2661 1495 2717 προῦπεμψεν
1526 2661 1575 2704 in
1598 2674 1731 2717 marg
1791 2658 1954 2714 προσέ-

266 2728 449 2776 πεμψεν
473 2719 540 2762 Re
567 2719 763 2763 fortasse
788 2723 911 2763 recte
937 2720 1027 2763 coll
1049 2736 1092 2777 p.
1121 2725 1221 2774 270,
1241 2725 1264 2763 7
1291 2722 1338 2764 et
1363 2720 1549 2776 Sopatri
1581 2720 1681 2764 loco
1707 2735 1750 2776 p.
1779 2723 1878 2774 320,
1897 2723 1950 2762 22

267 2781 317 2821 at
349 2778 404 2821 cf.
438 2793 482 2834 p.
510 2783 608 2832 349,
630 2784 683 2822 14
807 2784 859 2821 12
897 2778 1115 2836 χρήσαιτο
1141 2780 1220 2823 καὶ
1245 2781 1372 2834 δῶρα
1395 2779 1521 2823 inser
1543 2781 1631 2823 Ma
1754 2783 1807 2821 13
1839 2793 1952 2821 num

264 2837 551 2895 προύβάλετο
577 2838 901 2882 scribendum?
931 2841 980 2881 at
1003 2839 1059 2882 cf.
1079 2854 1122 2895 p.
1143 2842 1242 2893 335,
1261 2843 1286 2881 9
1410 2843 1464 2882 14
1498 2836 1558 2883 ἂν
1589 2839 1833 2908 om9MaB

266 2900 321 2939 20
355 2896 630 2953 ἐσκαιώρησε
663 2896 827 2952 scripsi
858 2910 882 2940 e
908 2898 1032 2941 BVa
1064 2898 1146 2941 sed
1177 2897 1225 2942 in
1257 2897 1345 2941 hoc
1375 2897 1425 2941 in
1448 2910 1582 2954 marg
1613 2897 1893 2952 ἐσκευώρησε

266 2956 543 3012 ἐσκευώρησε
569 2957 837 3000 LPaMan
849 2956 1026 3000 Vi·edd
1057 2957 1341 3014 (ἐσκευώρισε
1372 2956 1498 3012 Fert)
1530 2956 1588 3001 cf.
1621 2957 1682 2999 ad
1713 2971 1756 3011 p.
1783 2959 1949 3010 325‚15
