2044 3168
210 136 423 181 PATRIS
456 136 667 181 CAEDIS
699 136 895 180 FILIAE
929 135 1278 190 GENERIQUE
1311 136 1609 181 DEFENSIO
1671 137 1772 189 361

90 293 284 343 μενον,
339 270 455 325 ἀλλ’
503 273 569 325 οὐ
625 270 783 325 τοῦθ’
840 272 970 341 ὅπερ
1025 271 1171 344 αὐτῷ
1218 292 1311 339 μοι
1365 273 1653 339 νενόμιστο
1702 274 1782 326 δί-

90 382 274 430 καιον,
321 359 438 430 τάχ’
491 360 561 415 ἂν
618 356 803 431 ἔκρινα
859 363 978 414 δεῖν
1033 359 1120 414 ἐπὶ
1169 362 1448 424 δικασταῖς
1498 367 1782 415 ποιεῖσθαι

90 453 184 514 τὰς
223 454 446 521 ψήφους
484 451 574 504 καὶ
614 450 687 514 ὡς
726 450 955 513 ἐκείνοις
994 451 1226 518 δοκοῦν,
1274 449 1359 503 ἐπὶ
1410 453 1538 514 τοὺς
1583 452 1782 514 παῖδας

90 541 429 610 ἁμαρτόντας
480 539 771 610 φέρεσθαι·
827 537 944 592 ἐπεὶ
1000 539 1061 592 δὲ
1115 547 1286 592 ταῦτα
1340 539 1475 609 ἅπερ
1531 538 1635 609 ἐγὼ
1685 550 1781 609 ψη-

0 661 1 666 =
89 635 344 699 φιεῖσθαι
383 627 472 682 καὶ
512 627 650 697 πέρα
688 629 901 681 τούτων
941 626 1109 681 οὐδὲν
1146 629 1411 698 ἤμελλον,
1460 629 1527 681 οὔ
1567 649 1660 698 μοι
1700 630 1780 681 δι-

88 722 253 782 καίως
299 726 398 771 τοῦ
453 726 556 771 σοῦ
603 718 803 771 τούτου
859 717 1232 786 βουλεύματος
1286 717 1667 786 προσεδέησεν.
1722 717 1782 770 ἐν

89 802 172 871 οἷς
219 809 320 877 γὰρ
371 809 399 861 ὅ
448 828 500 860 τι
546 805 636 860 καὶ
684 808 768 860 δεῖ
815 807 1076 877 πράττειν
1123 807 1225 860 οὐκ
1272 809 1562 876 ἔγνωσται,
1613 814 1782 860 ταῦτα

89 895 179 950 καὶ
219 901 550 950 κοινοῦσθαι
589 901 665 968 τῷ
705 897 858 968 δήμῳ
900 895 1200 966 ξυμφέρον,
1249 896 1321 959 ὡς
1361 894 1502 949 ἔνθα
1544 896 1604 949 τὸ
1651 914 1782 966 πρα-

87 986 247 1040 κτεόν
287 987 475 1054 δῆλον,
514 986 586 1054 μὴ
634 983 724 1038 καὶ
773 987 1031 1055 περιττὸν
1073 985 1359 1054 ἐκκλησίας
1397 986 1780 1054 προσδεῖσθαι.

92 1076 175 1128 74.
214 1083 384 1128 ταῦτα
423 1074 528 1143 ἄρα
559 1071 672 1127 κατ’
714 1073 952 1142 ἐμαυτὸν
991 1069 1144 1128 εἶδον
1183 1076 1243 1127 τὸ
1277 1077 1463 1143 καλόν,
1504 1073 1780 1143 ἐσκόπησα

87 1165 148 1218 τὸ
202 1174 316 1227 τοῖς
370 1166 560 1232 νόμοις
612 1164 736 1232 περὶ
791 1164 994 1216 τούτου
1043 1165 1270 1232 δοκοῦν,
1325 1164 1782 1234 κατεψηφισάμην

87 1254 220 1324 μετὰ
272 1252 362 1307 καὶ
417 1261 516 1307 τοῦ
571 1254 744 1321 νόμου
799 1254 1076 1322 θάνατον,
1131 1252 1450 1321 ἐπεκύρωσα
1502 1260 1665 1306 τοῦτο
1719 1254 1780 1306 τὸ

86 1345 342 1412 ψήφισμα
388 1343 478 1396 καὶ
524 1343 586 1396 τὸ
634 1341 924 1411 ἐντεῦθεν,
966 1343 1038 1406 ὡς
1076 1342 1105 1396 ὁ
1145 1345 1313 1410 νόμος
1361 1337 1537 1411 οἶδεν,
1587 1341 1782 1412 ἐπράτ-

86 1451 222 1485 τετο.
285 1431 373 1486 ἐπὶ
426 1433 646 1496 τούτοις
707 1432 1076 1501 ἐξηπιστάμην
1132 1431 1371 1501 ἐμαυτὸν
1425 1432 1522 1485 τὸν
1575 1430 1782 1499 πατέρα

86 1531 198 1575 τῶν
237 1521 611 1591 ἁμαρτόντων,
649 1525 780 1584 τοὺς
811 1522 874 1575 δὲ
906 1523 1111 1590 νόμους
1142 1522 1322 1574 πάντα
1352 1526 1428 1593 τῷ
1459 1519 1624 1591 πατρὶ
1655 1518 1779 1590 περὶ

87 1612 218 1673 τοὺς
257 1612 457 1674 παῖδας
498 1610 764 1681 ἐφιέντας.
805 1611 871 1664 οὐ
911 1612 1016 1680 γάρ
1057 1609 1209 1664 ἐστιν
1241 1611 1383 1663 ὅπου
1415 1608 1505 1663 καὶ
1545 1609 1782 1677 νομοθέ-

91 1719 186 1768 της
238 1701 339 1768 τὴν
385 1701 611 1769 γνώμην
664 1701 997 1769 πεφόβηται,
1050 1701 1123 1769 μή
1169 1720 1221 1753 τι
1268 1698 1358 1753 καὶ
1406 1700 1595 1753 δεινὸν
1646 1716 1782 1767 παρ-

89 1879 140 1930 ει’
186 1879 258 1947 μὴ
305 1881 576 1949 πρότερον
624 1878 824 1932 ἐκεῖνοι
869 1880 1115 1946 μονονοὺ
1169 1880 1230 1932 τὸ
1287 1877 1447 1947 ξίφος
1500 1876 1587 1932 ἐπὶ
1638 1886 1782 1946 σφᾶς

89 1966 290 2030 αὐτοὺς
328 1968 665 2037 ὠθήσουσιν.
734 1967 816 2021 75.
858 1967 932 2030 ὡς
970 1963 1072 2021 οὖν
1112 1968 1288 2037 πατὴρ
1327 1967 1451 2037 περὶ
1490 1969 1621 2030 τοὺς
1659 1975 1780 2020 παῖ-

88 2057 186 2118 δας
240 2057 305 2109 οὐ
360 2056 637 2127 βάρβαρος
691 2058 756 2110 τὰ
810 2066 1000 2127 πρῶτα
1053 2066 1344 2127 προσηνῶς
1391 2076 1448 2109 τε
1496 2053 1646 2126 εἶχον
1692 2053 1782 2108 καὶ

88 2153 199 2198 πᾶν
239 2145 430 2199 ὁτιοῦν
469 2154 568 2199 τοῦ
601 2150 778 2209 καλῶς
812 2145 1057 2209 ἐκείνους
1088 2149 1286 2215 βιῶναι
1320 2146 1581 2215 δεύτερον
1613 2144 1783 2198 ἐτίθε-

87 2253 149 2286 το
196 2232 324 2303 παρ’
368 2235 514 2304 ἡμῖν.
570 2234 682 2287 ἐπεὶ
723 2233 770 2287 δ’
819 2233 1023 2288 ἐκεῖνοί
1066 2255 1132 2304 με
1178 2244 1289 2288 τῶν
1336 2234 1575 2288 ἐλπίδων
1624 2234 1783 2299 ἐψεύ-

90 2336 274 2390 σαντο,
313 2322 461 2392 κάγὼ
501 2332 599 2377 τοῦ
641 2323 891 2393 στέργειν
930 2322 1174 2386 ἐκείνους
1221 2322 1494 2388 ἐξέπεσον.
1549 2330 1781 2377 τοσοῦτο

208 2488 233 2526 2
265 2483 384 2540 τάχα
413 2485 624 2530 MaClVi
768 2489 791 2527 7
826 2481 895 2529 ὅτι
922 2485 1213 2529 MaC'lViVa
1359 2489 1413 2528 10
1452 2481 1585 2528 ταῦτ’
1614 2485 1739 2528 BVa
1775 2484 1778 2539 Q

91 2539 238 2587 κακὸν
266 2545 355 2587 Μα
398 2544 478 2586 sed
511 2561 538 2587 κ
569 2544 618 2587 in
650 2546 673 2587 λ
706 2558 828 2598 corr,
862 2545 918 2588 Vi
1063 2549 1116 2587 13
1158 2543 1181 2587 ὁ
1215 2557 1291 2587 om
1330 2543 1397 2587 Re
1438 2543 1563 2600 quod
1602 2542 1784 2587 notavih

90 2601 277 2645 Bastius
317 2602 452 2659 Greg.
496 2602 595 2647 Cor.
635 2603 706 2648 ed.
741 2603 961 2647 Schaefer
999 2618 1045 2659 p.
1076 2608 1159 2647 139
1306 2607 1361 2647 14
1404 2602 1784 2656 προσεπιτούτοις

92 2661 352 2706 MaC'lViB
427 2662 545 2717 πρὸς
583 2662 659 2707 ἐπὶ
697 2662 878 2712 τούτοις
918 2663 986 2706 Va
1035 2665 1041 2719 Ι
1091 2661 1397 2719 ἐξεπιστάμην
1432 2662 1643 2707 ΜαΟΖῘῙί

93 2724 147 2763 15
178 2719 333 2765 πάντα
364 2720 528 2777 scripsi
589 2721 767 2772 πάντας
799 2721 908 2765 libri
939 2721 1030 2765 edd
1054 2722 1135 2766 sed
1171 2723 1354 2777 „malim
1387 2720 1568 2771 πάντας
1598 2719 1778 2764 πάντα“

90 2778 160 2823 Re
282 2783 336 2822 20
369 2779 615 2835 ὠθήσωσιν
641 2782 767 2825 BVa
889 2785 942 2824 21
976 2781 1056 2824 καὶ
1088 2783 1197 2825 ante
1220 2780 1278 2824 τὰ
1304 2781 1448 2825 MaCl
1459 2781 1561 2824 ViB
1575 2781 1643 2823 Va
1669 2781 1675 2835 Ι
1702 2795 1783 2822 τα·-

91 2844 251 2891 πρῶτα
276 2839 568 2883 LPaMaVa
607 2840 717 2883 Ferr
765 2842 772 2897 Ι
822 2836 947 2896 εἶχον
986 2839 1174 2896 reposui
1206 2853 1231 2884 e
1270 2839 1404 2883 libris
1444 2839 1525 2883 sed
1566 2852 1621 2881 ex
1661 2834 1783 2896 εἶχεν

94 2910 194 2939 corr
226 2898 290 2951 L,
330 2899 384 2941 ut
423 2899 527 2942 coni
569 2898 634 2942 Re
711 2894 832 2955 εἶχεν
872 2898 963 2942 edd
1107 2904 1160 2942 ‘22
1207 2896 1275 2943 ὅτι
1305 2898 1564 2943 MaCzViB
1578 2899 1643 2942 Va

95 2959 150 3002 23
185 2954 389 3012 ἔψευσαν
422 2956 568 3006 Cobet
593 2957 692 3005 0011
717 2962 801 3004 297
836 2959 884 3004 at
909 2957 965 3001 cf.
992 2973 1037 3018 p.
1064 2962 1134 3014 95,
1153 2963 1178 3002 3
1302 2962 1357 3004 24
1388 2963 1610 3004 τοσοῦτον
1629 2958 1716 3004 Ma
1728 2957 1786 3002 Vi

1807 1096 1849 1128 10

1806 1541 1847 1574 15

2 1837 6 1840 .
88 1790 441 1842 απολαύσωσι
465 1798 560 1859 τῆς
583 1798 683 1843 τοῦ
708 1790 911 1859 πατρὸς
930 1790 1261 1858 αὐτονομίας
1285 1791 1342 1842 oc
1362 1790 1569 1856 παῖδες,
1591 1786 1595 1860 Ι
1647 1793 1767 1837 RIV
1785 1797 1869 1837 609

1806 1988 1850 2021 20
