2044 3168
245 102 352 155 256
637 100 867 144 LIBANII
898 99 1288 144 DECLAMATIO
1320 100 1534 144 XXXVII

246 235 365 306 ἐμοὶ
406 235 454 289 δ’
502 238 676 289 αἰτεῖν
715 236 744 290 ὁ
783 245 879 305 τῆς
917 239 1127 299 πόλεως
1167 236 1373 289 δέδωκε
1412 239 1582 305 νόμος
1620 237 1799 289 πάντα
1832 236 1941 291 ἐπι-

245 325 458 394 τρέπων
506 334 620 388 τοῖς
669 325 950 394 ἀριστεῦσι
997 324 1116 379 κατ’
1168 324 1427 389 ἐξουσίαν
1474 325 1794 394 λαμβάνειν,
1849 328 1946 379 καί

245 435 338 484 μοι
378 413 502 483 λέγε
540 414 639 467 τὸν
677 415 853 480 νόμον
891 413 1077 467 αὐτόν.

982 565 1203 631 Νόμος

204 705 222 735 5
367 683 531 743 Τοὺς
586 681 654 734 δὲ
709 680 1014 747 ἀριστέας
1071 682 1432 750 λαμβάνειν
1472 682 1501 734 ὅ
1550 701 1609 734 τι
1666 681 1743 734 ἂν
1798 681 1943 735 ἐθέ-

251 775 409 823 λωσι
449 770 656 839 γέρας.

345 858 604 928 ’Έφθασέ
647 875 750 913 σου
797 861 897 929 τὴν
945 863 1325 930 συκοφαντίαν
1364 861 1396 928 ἡ
1436 863 1593 923 πόλις
1640 863 1789 931 νόμῳ
1844 861 1946 928 τὴν

248 947 506 1012 ἐξουσίαν
545 948 777 1018 ὁρίσασα
808 948 899 1002 καὶ
930 950 1106 1002 πολλὰ
1138 946 1240 1018 μὲν
1269 950 1605 1019 προτείνασα
1636 948 1945 1021 πράγματα,

248 1038 308 1091 τὸ
350 1038 411 1090 δὲ
449 1036 576 1091 καθ’
621 1039 831 1106 ἡδονὴν
870 1038 1152 1108 αἱρεῖσθαι
1191 1046 1443 1091 ποιοῦσα.
1508 1038 1594 1091 30.
1625 1041 1704 1091 ’σὺ
1746 1039 1807 1091 δὲ
1844 1039 1946 1107 τὴν

183 1149 224 1181 ιο
251 1126 505 1190 ἐξουσίαν
545 1127 703 1189 εἰδὼς
742 1126 928 1197 μέμφῃ
968 1129 1069 1195 τὴν
1107 1128 1293 1197 κρίσιν
1344 1127 1525 1197 ὥσπερ
1565 1127 1598 1196 ἢ
1640 1126 1948 1197 νομοθέτης

250 1214 565 1286 σοφώτερος
620 1214 700 1269 ὢν
745 1215 777 1283 ἢ
832 1217 1041 1285 μεγάλα
1096 1215 1315 1285 βλέπων
1367 1217 1469 1284 τὴν
1523 1219 1686 1270 πόλιν
1741 1216 1800 1269 ἐκ
1853 1224 1948 1285 τῆς

251 1304 380 1374 ἐμῆς
417 1304 755 1374 ἠδικημένην
793 1307 1058 1373 αἰτήσεως
1102 1304 1193 1358 καὶ
1234 1302 1366 1358 οὐδὲ
1416 1304 1594 1358 ἐκεῖνο
1637 1308 1819 1375 λογίζῃ
1862 1305 1946 1358 ὅτι

250 1394 351 1462 τὴν
390 1391 526 1461 ἐμὴν
563 1396 914 1463 μεμφόμενος
953 1394 1170 1463 αἴτησιν
1209 1395 1310 1463 τὴν
1348 1402 1444 1462 τῆς
1482 1397 1693 1457 πόλεως
1733 1397 1947 1463 φιλοτι-

161 1486 279 1532 RIV
296 1491 381 1530 550
427 1483 561 1549 μίαν
595 1481 602 1553 Ι
637 1483 874 1551 ὑβρίζεις
919 1483 1010 1536 καὶ
1057 1491 1415 1552 μνησικακεῖν
1460 1483 1780 1551 ἀναγκάζεις
1818 1485 1950 1545 τοὺς

185 1594 227 1627 15
254 1570 518 1634 ἑκουσίως
557 1571 1028 1641 ἐπιλελησμένους.
1068 1576 1127 1625 τί
1162 1571 1212 1625 δ’
1250 1571 1320 1625 ἂν
1353 1574 1406 1625 οἱ
1437 1572 1692 1642 πολέμιοι
1723 1571 1950 1639 βλέπειν

254 1659 503 1723 εὔξαιντο
551 1664 735 1730 μεῖζον
781 1661 813 1726 ἢ
853 1666 1103 1715 παλαιῶν
1150 1663 1288 1730 ἡμᾶς
1333 1661 1714 1730 μεμνημένους
1762 1661 1950 1730 ἀδικη-

253 1750 440 1818 μάτων
478 1758 574 1818 τῆς
611 1750 880 1819 νεωτέρας
929 1750 1404 1804 ἐπιλανθάνεσθαι
1453 1751 1672 1819 χάριτος
1723 1748 1812 1802 καὶ
1852 1752 1950 1803 τὸν

255 1835 366 1893 κατ’
415 1838 641 1892 ἐκείνων
695 1840 882 1907 θυμὸν
929 1841 1004 1901 εἰς
1052 1842 1182 1902 τοὺς
1231 1841 1471 1901 οἰκείους
1527 1838 1950 1900 ἐκδαπανῶντας

254 1930 501 1997 πολίτας;

189 2039 231 2074 20
361 2017 445 2068 31.
494 2020 600 2085 Τῆς
639 2014 740 2084 μὲν
788 2014 890 2070 οὖν
938 2015 1066 2085 ἐμῆς
1111 2019 1388 2079 πολιτείας
1434 2017 1707 2085 μάρτυρες
1754 2013 1950 2068 πολλοὶ

256 2107 515 2174 γεγόνασι
562 2108 776 2174 χρόνοι,
817 2105 846 2158 ὁ
887 2102 946 2157 δὲ
996 2103 1164 2158 οὐδὲν
1211 2104 1399 2174 ἕτερον
1446 2103 1588 2173 ἔχων
1636 2103 1669 2172 ἢ
1721 2104 1822 2156 ὅσα
1869 2105 1950 2156 δι-

379 2271 400 2308 1
435 2266 515 2309 καὶ
546 2267 653 2309 ante
686 2266 787 2321 ἐμοὶ
812 2267 870 2309 Η
912 2268 917 2322 Ι
968 2267 1019 2310 δὲ
1052 2267 1110 2310 Vi
1171 2280 1246 2309 om
1271 2268 1328 2310 H
1453 2270 1477 2307 2
1512 2264 1806 2320 ἀριστεύσασι
1833 2266 1890 2308 H
1895 2265 1951 2307 Vi

377 2329 404 2367 4
434 2323 596 2380 Νόμος
625 2324 736 2368 rubr
759 2326 873 2369 ΒΜ
943 2340 1018 2368 om
1043 2325 1217 2370 HViC'l
1360 2330 1384 2368 5
1426 2323 1567 2379 νόμος
1598 2325 1705 2379 post
1738 2321 1952 2377 ἀριστέας

259 2383 347 2426 edd
381 2384 462 2427 sed
497 2385 673 2438 „abesse
704 2385 888 2428 malim“
920 2384 988 2427 Re
1051 2384 1204 2428 delevi
1231 2386 1238 2439 Ι
1267 2383 1337 2428 ὅτι
1369 2384 1481 2429 ViCl
1603 2387 1626 2425 7
1662 2396 1743 2426 σου
1777 2383 1846 2426 Va
1869 2383 1951 2425 sed

260 2457 285 2486 σ
315 2443 365 2485 in
396 2455 471 2485 ras
504 2445 551 2486 eb
584 2459 639 2486 ov
671 2457 886 2499 suprascr
916 2444 985 2486 m2
1106 2448 1132 2487 8
1165 2444 1245 2487 καὶ
1275 2442 1421 2488 πολλὰ
1452 2441 1555 2499 μὲν]
1590 2443 1645 2485 οὐ
1680 2443 1736 2486 Vi
1785 2444 1791 2498 Ι
1839 2457 1951 2496 προ-

259 2500 449 2545 τείνασα
481 2502 645 2558 scripsi
681 2515 735 2544 ex
762 2503 819 2546 H
824 2502 926 2546 VztA
959 2504 1057 2546 Par
1081 2507 1202 2547 3017
1235 2502 1366 2551 (Basb
1399 2501 1600 2557 append.
1636 2514 1706 2557 ep.
1743 2500 1844 2544 crit.
1878 2502 1951 2556 50)

318 2558 627 2616 προτείνουσα
654 2562 898 2605 CzBVaM
925 2562 1015 2604 edd
1066 2564 1071 2617 Ι
1122 2562 1308 2616 „malim
1339 2559 1670 2617 προστάγματα
1698 2560 1952 2615 postulata,

259 2621 499 2678 flagitata“
531 2620 598 2663 Re
723 2624 776 2663 10
808 2619 958 2674 ὥσπερ
990 2618 1038 2678 ἢ]
1071 2621 1133 2670 ὡς
1164 2620 1187 2664 ὁ
1216 2621 1273 2664 Vi
1395 2624 1446 2662 11
1482 2620 1750 2675 σοφώτατος
1779 2619 1836 2664 Vi

268 2683 321 2721 13
354 2678 651 2735 μεμφόμενον
675 2680 719 2722 A
787 2678 1073 2735 μεμνημένος
1106 2681 1162 2724 Vi
1307 2683 1360 2721 19
1396 2684 1524 2733 „post
1552 2676 1743 2728 πολίτας
1774 2678 1953 2722 videtur

267 2738 354 2781 tale
377 2739 489 2794 quid
512 2739 656 2782 deesse
681 2737 886 2797 ἐμφυλίῳ
912 2737 1065 2781 στάσει
1089 2736 1410 2795 ἐπιτρίβεσθαι
1440 2738 1493 2781 ob
1521 2738 1855 2793 praecedemem
1879 2737 1952 2779 in-

266 2797 493 2851 finitivum
527 2797 952 2852 ἐπιλανθάνεσθαι,
994 2803 1048 2841 ut
1078 2798 1300 2841 orationis
1329 2798 1528 2841 membra
1557 2798 1677 2840 inter
1706 2810 1750 2840 se
1780 2796 1953 2839 similia

268 2855 411 2912 fiant“
444 2856 512 2898 Re
633 2860 688 2899 20
720 2856 823 2914 μὲν]
858 2856 967 2912 ἐμῆς
991 2858 1035 2899 A
1070 2858 1076 2913 Ι
1111 2856 1337 2912 μάρτυρες
1367 2869 1443 2899 om
1465 2856 1511 2898 B
1546 2858 1552 2911 Ι
1587 2855 1748 2898 πολλοὶ
1777 2853 1953 2897 inserui

271 2928 293 2956 e
326 2915 487 2959 ViAC‘l
547 2930 620 2958 om
645 2916 744 2959 HR
756 2916 888 2960 VaM
915 2915 1006 2958 edd
1128 2920 1179 2958 21
1215 2914 1459 2970 οὐδέτερον
1485 2916 1527 2957 Α
