2014 3158
613 94 785 139 CAECI
817 94 956 138 FILII
986 93 1290 139 APOLOGIA
1692 95 1798 147 659

109 234 247 298 λησα
285 231 422 299 πρὸς
460 231 558 283 τὸν
598 232 866 284 κίνδυνον
905 230 1037 283 οὐδὲ
1084 231 1144 283 τὸ
1185 229 1418 298 μέγεθος
1466 238 1563 283 τοῦ
1604 233 1800 300 τολμή-

107 337 275 388 ματος
328 319 691 387 λογισάμενος
745 318 1140 388 εὐλαβέστερον
1200 318 1482 388 διετέθην,
1533 320 1800 373 τεθνάναι

109 405 168 460 δὲ
206 406 427 475 βέλτιον
465 408 808 477 ἡγησάμενος
847 407 880 477 ἢ
920 409 1191 478 περιιδεῖν
1230 410 1361 472 τοὺς
1400 407 1596 477 γονέας
1636 409 1799 462 ἀπολ-

109 495 381 565 λυμένους
418 498 510 550 καὶ
548 499 725 566 μόνον
763 504 964 551 τοῦτον
1002 498 1101 550 τὸν
1133 498 1402 550 κίνδυνον
1434 498 1674 565 ζηλωτὸν
1709 518 1800 551 νο-

106 588 269 653 μίσας
306 586 395 639 καὶ
435 587 807 657 περιμάχητον
854 585 1090 639 διέσωσα
1135 586 1237 653 μὲν
1284 588 1381 640 τὸν
1420 585 1625 656 πατέρα
1664 585 1799 655 πυρὶ
1847 608 1866 641 5

106 677 455 744 παντοχόθεν
507 674 954 745 κατειλημμένον.
1027 674 1110 727 15.
1165 669 1210 747 ᾦ
1264 674 1512 748 προτέρῳ
1566 678 1800 744 βοηθεῖν

108 762 286 817 ἐδόκει
325 785 418 834 μοι
457 765 827 833 δικαιότερον,
868 763 1200 835 ἀμφοτέροις
1248 765 1350 834 γὰρ
1391 765 1501 834 ἅμα
1539 766 1797 834 βουλόμε-

108 873 204 916 νος
239 851 477 922 ἐμαυτὸν
510 852 698 923 ἑώρων
732 853 1168 923 ἀδυνατώτερον,
1208 853 1347 921 ὑπὲρ
1381 851 1442 907 δὲ
1472 861 1567 922 τῆς
1596 854 1800 924 μητρὸς

107 943 208 1011 τὴν
263 942 435 1011 αὐτὴν
487 944 811 1012 προθυμίαν
867 942 1271 1010 ἐπιδειξάμενος
1325 941 1416 995 καὶ
1470 950 1569 995 τοῦ
1625 951 1799 995 σῶσαι

106 1032 206 1100 τὴν
245 1030 452 1084 ἀθλίαν
492 1033 792 1101 διήμαρτον
831 1040 929 1085 τοῦ
977 1032 1153 1101 πυρὸς
1200 1031 1537 1102 κυριωτέρου
1577 1051 1798 1101 γεγενη-
1825 1054 1867 1087 10

105 1119 277 1189 μένου
331 1121 421 1173 καὶ
476 1130 586 1174 τῶν
642 1121 954 1190 ὀφθαλμῶν
1002 1120 1296 1191 ἀφῃρέθην
1352 1123 1801 1191 φιλονεικότερον

106 1208 296 1281 ἐκείνω
343 1211 662 1279 μαχόμενος.
730 1211 811 1263 16.
851 1211 1064 1263 τούτων
1113 1207 1174 1263 δὲ
1222 1210 1365 1263 οὕτω
1421 1209 1800 1280 γεγενημένων

105 1297 195 1352 καὶ
234 1307 328 1368 τῆς
366 1301 593 1369 μητρός,
644 1299 717 1362 ὡς
755 1296 923 1368 ἔφην,
972 1299 1320 1363 ἀπολωλυίας
1359 1299 1387 1353 ὁ
1427 1300 1528 1369 μὲν
1567 1300 1799 1370 χρηστὸς

107 1387 313 1451 ἐκεῖνος
365 1389 542 1457 πατὴρ
597 1387 687 1441 καὶ
741 1388 868 1458 περὶ
921 1390 1052 1451 τοὺς
1108 1390 1347 1452 οἰκείους
1407 1389 1799 1452 εὐνοϊκώτατος

105 1477 244 1545 ὁμοῦ
284 1474 386 1547 μὲν
424 1479 524 1546 τὴν
564 1476 773 1547 ἐκείνης
812 1478 1114 1546 ἀπώλειαν,
1165 1477 1303 1546 ὁμοῦ
1346 1476 1406 1530 δὲ
1444 1479 1545 1547 τὴν
1585 1493 1799 1547 συμφο-
1822 1499 1865 1533 15

106 1568 211 1636 ρὰν
264 1568 366 1635 τὴν
419 1566 555 1636 ἐμὴν
609 1566 947 1637 ὀδυρόμενος
1002 1568 1383 1636 χαλεπώτερον
1435 1568 1496 1620 τὸ
1544 1565 1658 1620 κατ’
1707 1563 1798 1636 ἐμὲ

104 1656 286 1719 πάθος
325 1660 571 1725 θρηνῶνΙ
594 1655 684 1709 καὶ
725 1655 933 1710 στένων
973 1658 1139 1724 δῆλος
1178 1652 1273 1724 ἦν,
1318 1655 1423 1725 ε’γὼ
1464 1656 1525 1710 δὲ
1563 1657 1663 1725 τὴν
1700 1677 1799 1725 μη-

105 1744 234 1814 τέρα
273 1747 720 1815 συνοδυρόμενος
765 1747 1208 1815 παρεμυθούμην
1245 1744 1405 1814 <ἑπ’>
1446 1746 1659 1817 ἐμαυτῷ
1699 1746 1798 1799 τὸν

104 1834 330 1904 πατέρα·
388 1836 612 1888 δεινὸν
666 1834 806 1904 μέν,
861 1831 902 1888 ὦ
938 1832 944 1905 Ι
979 1835 1200 1904 πάτερ,
1259 1835 1326 1888 τὸ
1382 1835 1615 1902 πάθος,
1664 1838 1886 1883 RIV748

105 1920 236 1992 ἔχει
285 1923 357 1976 δέ
400 1944 458 1976 τι
505 1925 610 1977 καὶ
663 1927 1064 1994 φιλοτιμίας·
1119 1925 1235 1993 τὴν
1289 1925 1407 1995 γὰρ
1463 1925 1797 1994 πρόφασιν
1821 1945 1864 1977 zo

107 2014 526 2081 λογιζόμενος
577 2014 990 2083 κουφότερον
1037 2010 1208 2082 φέρω
1264 2013 1380 2081 τὴν
1435 2012 1796 2082 συμφοράν.

224 2148 248 2186 2
284 2142 612 2202 εὐλαβέστερον
644 2145 714 2188 Va
744 2143 827 2187 sed
858 2161 890 2187 α
921 2157 1062 2200 supra
1096 2159 1150 2188 ov
1181 2143 1251 2186 m²
1285 2146 1291 2199 Ι
1330 2141 1549 2200 διετέθην
1582 2143 1683 2187 Mor
1715 2143 1796 2186 sed

107 2219 160 2259 γρ
195 2200 422 2259 διεθέμην
461 2202 510 2245 in
542 2216 676 2258 marg
751 2202 977 2260 διεθέμην
1013 2203 1082 2246 Va
1114 2202 1196 2246 sed
1237 2219 1290 2259 γρ
1324 2200 1544 2259 διετέθην
1583 2202 1632 2245 in
1663 2215 1798 2258 marg

105 2261 175 2304 m²
296 2266 320 2304 3
356 2260 470 2316 ἤπερ
503 2262 745 2307 ἰδεῖνΗῘῘί
871 2268 899 2306 4
931 2259 1078 2318 μόνον
1110 2262 1169 2306 Vi
1199 2263 1280 2305 sed
1312 2261 1452 2318 μένον
1483 2261 1533 2305 in
1564 2276 1698 2317 marg
1727 2260 1798 2304 m2

106 2322 113 2377 Ι
148 2318 229 2365 τὸν
254 2335 330 2365 om
356 2322 459 2365 HV
481 2323 487 2376 Ι
516 2319 709 2376 νομίσας
740 2320 937 2377 ζηλωτόν
969 2337 1015 2365 τε
1047 2322 1128 2365 καὶ
1151 2321 1554 2376 περισπούδαστον
1579 2321 1685 2365 HV

107 2384 132 2423 6
164 2397 242 2437 μοι
266 2382 464 2438 βοηθεῖν
493 2377 644 2425 ἐδόκει
676 2380 736 2425 Vi
855 2386 878 2424 7
905 2379 1186 2436 ἀμφοτέροις
1211 2407 1263 2413 -
1291 2383 1317 2423 8
1342 2381 1696 2434 ἀδυνατώτερον
1720 2394 1796 2423 om

107 2440 200 2483 Ath
342 2444 369 2483 8
409 2440 760 2494 ἀδυνατώτερον
792 2439 958 2496 scripsi
990 2453 1046 2483 ex
1072 2440 1124 2483 Η
1133 2439 1527 2484 VViMaCIAthR
1539 2439 1606 2482 Va
1683 2438 1796 2482 ἀδύ-

105 2514 248 2543 νατον
275 2500 333 2542 Μ
363 2499 453 2543 edd
600 2503 652 2542 12
693 2499 754 2549 ὡς
793 2498 911 2555 ἔφην
943 2501 1052 2555 post
1087 2497 1227 2553 οὕτω,
1267 2513 1361 2543 non
1399 2501 1507 2554 post
1538 2494 1708 2554 μητρός
1738 2498 1797 2542 Vi

227 2562 281 2601 14
321 2555 522 2609 οἰκείους
561 2557 723 2614 scripsi
757 2570 812 2601 ex
837 2559 1093 2603 HVViMa
1134 2558 1215 2601 sed
1254 2558 1301 2601 in
1342 2558 1431 2601 hoc
1462 2574 1516 2613 γρ
1553 2557 1658 2611 περὶ
1688 2557 1797 2608 τοὺς

0 2599 15 2622 ³⁰
106 2618 281 2668 παῖδας
311 2619 360 2660 in
391 2631 525 2673 marg
555 2616 637 2669 m⁸‚
665 2617 764 2662 GzB
777 2618 844 2662 Va
877 2617 958 2660 sed
988 2616 1039 2660 in
1071 2617 1158 2661 hoc
1190 2634 1243 2673 γρ
1276 2619 1452 2666 παῖδας
1482 2616 1531 2659 in
1562 2629 1696 2672 marg
1726 2615 1796 2658 m²

163 2677 339 2727 παῖδας
362 2677 520 2720 AthM
548 2676 639 2719 edd
762 2680 816 2720 18
848 2673 925 2721 ἐπ’
960 2676 1136 2720 inserui
1167 2678 1354 2719 auctore
1382 2674 1592 2719 Iacobsio
1625 2674 1737 2718 Leciz

107 2748 181 2778 om
211 2734 321 2778 libri
354 2735 443 2778 edd
477 2735 558 2778 sed
595 2740 705 2791 „aut
732 2749 1117 2793 supervacaneum
1148 2740 1210 2779 est
1251 2736 1430 2793 ἐμαυτῷ
1465 2739 1549 2779 aut
1586 2734 1704 2778 deest
1734 2733 1796 2784 ὡς

108 2793 219 2849 ἐνῆν
249 2795 316 2838 vel
341 2796 511 2849 potius,
542 2794 663 2850 quod
684 2807 811 2838 mmo
832 2795 974 2849 video,
1006 2796 1188 2853 ἐμαυτῷ
1213 2793 1522 2838 deducendum
1546 2794 1597 2837 in
1620 2806 1795 2837 versum

106 2853 367 2906 inferiorem
390 2859 432 2897 et
455 2854 690 2910 leyendum
714 2853 803 2910 ἔχει
833 2852 885 2897 δέ
914 2869 957 2896 τι
983 2853 1062 2898 καὶ
1086 2854 1265 2908 ἐμαυτῷ
1292 2850 1579 2907 φιλοτιμίας“
1607 2851 1676 2895 Re

108 2916 160 2954 21
194 2912 481 2968 κουφότερον
514 2912 677 2968 scripsi
738 2911 1030 2968 κουφοτέραν
1064 2911 1171 2955 libri
1205 2911 1294 2954 edd
1720 2914 1723 2917 “

1349 2984 1439 3026 42*
