2014 3158
391 114 800 160 PHILADELPHI
828 113 1253 159 ABDICATIONIS
1286 113 1562 159 REIECTIO
1708 113 1814 166 605

126 254 522 322 ανθρωπίας.
564 252 690 320 ἐξῆν
722 250 787 304 δέ
813 270 893 319 γε,
917 247 959 304 ὦ
992 251 1259 318 δικασταί,
1292 251 1363 319 μὴ
1395 258 1560 303 τοῦτο
1591 254 1815 316 παθεῖν,

127 346 276 410 εἴπερ
315 341 570 409 ἐβούλετο
612 348 838 394 σιωπᾶν.
881 338 985 408 ἐγὼ
1027 336 1129 408 μὲν
1159 340 1262 408 γὰρ
1300 340 1426 392 οὔτε
1460 342 1658 404 ζῶντος
1689 340 1816 391 οὔτε

125 434 428 493 τεθνεῶτος
465 428 615 482 ταῦτ’
664 428 732 482 ἂν
764 428 979 493 ἐξεῖπον
1010 428 1145 495 πρὸς
1185 427 1374 497 ἕτερον
1413 426 1532 481 οὐδ’
1573 427 1642 480 ἂν
1681 429 1817 498 πρὸς

126 519 294 571 αὐτόν
333 537 395 586 γε
432 519 530 570 τὸν
568 517 836 586 ἀδελφόν,
876 515 904 570 ὁ
946 515 1007 569 δὲ
1046 516 1212 578 αὐτὸς
1248 515 1470 583 ἑαυτόν,
1519 517 1591 579 ὡς
1637 516 1815 586 ὁρᾶτε,

126 606 314 659 ἀδικεῖ.
377 605 462 659 55.
503 605 670 676 ἐχρῆν
724 606 789 660 δέ
838 626 900 675 γε
946 604 979 674 ἢ
1028 604 1262 674 σιγᾶνῆ
1311 607 1448 675 πρὸς
1498 604 1588 674 ἐμὲ
1641 608 1817 673 μόνον
1864 625 1882 657 5

125 694 371 748 ἐπαινεῖν
401 697 496 758 τὰς
528 697 801 764 διαθήκας
831 693 921 748 καὶ
954 694 1190 764 φάσκειν
1223 690 1284 747 εὖ
1317 714 1382 763 με
1408 697 1816 763 βεβουλεῦσθαι

124 783 214 837 καὶ
254 787 466 854 χαίρειν
501 781 603 853 μὲν
636 782 721 836 ἐπὶ
754 793 871 846 τοῖς
900 783 1319 853 πεπραγμένοις,
1359 783 1723 837 ἀπαλλάττειν
1755 782 1815 837 δὲ

124 874 225 941 τὴν
265 875 446 927 οἰκίαν
484 881 579 941 τῆς
619 872 852 941 ἐνούσης
883 881 1133 943 ταραχῆς.
1174 873 1348 936 οὕτως
1379 872 1448 926 ἂν
1476 872 1613 942 ’ἡμῖν
1646 874 1817 926 ἄπαν-

123 982 189 1014 τα
222 957 331 1032 εἶχε
360 967 556 1030 καλῶς,
588 969 696 1015 νῦν
735 959 796 1015 δὲ
836 966 1090 1030 πολεμῶν
1128 971 1244 1025 τοῖς
1283 962 1561 1032 γράμμασι
1599 961 1688 1015 καὶ
1728 982 1815 1015 το-

123 1052 332 1120 σαύτην
378 1050 597 1119 ἐπάγων
645 1052 805 1119 δίκην
845 1049 934 1104 καὶ
975 1060 1153 1104 ποιῶν
1201 1050 1267 1104 ὃν
1307 1049 1603 1120 ἐγέννησας
1655 1051 1813 1105 ἀλλό-
1840 1071 1882 1104 10

124 1160 281 1211 τριον
320 1141 488 1203 δίδως
529 1142 704 1209 λαβήν
750 1160 874 1193 τινα
920 1150 1035 1203 τοῖς
1079 1140 1275 1212 πράσις
1321 1140 1411 1193 καὶ
1459 1140 1816 1210 φιλοτέκνοις.

234 1229 319 1282 56.
358 1228 492 1283 Ἀλλ’
542 1231 593 1282 εἰ
628 1230 718 1282 καὶ
758 1231 830 1299 μὴ
869 1231 1167 1299 πρότερον,
1207 1237 1315 1282 νῦν
1355 1249 1434 1298 γε,
1473 1230 1611 1299 πρὸς
1647 1235 1816 1296 θεῶν,

125 1313 166 1371 ὦ
221 1320 414 1388 πάτερ,
469 1319 747 1388 γνώρισον
800 1318 900 1385 μὲν
955 1319 1149 1387 αὑτόν,
1206 1319 1486 1387 γνώρισον
1541 1315 1602 1372 δὲ
1663 1320 1815 1387 ἡμᾶς.

124 1407 412 1477 αἱδέσθητι
444 1404 504 1460 δὲ
535 1410 708 1470 θεοὺς
740 1399 822 1470 οἷς
854 1410 1063 1470 ἔθυσας
1095 1405 1522 1477 μὲνΙεύχόμενος
1553 1407 1816 1476 γενέσθαι

121 1499 317 1565 πατήρ,
358 1498 567 1559 ἔθυσας
598 1494 659 1549 δὲ
688 1497 795 1564 ἤδη
835 1495 1215 1566 γεγενημένος,
1247 1494 1458 1559 ἔθυσας
1491 1494 1551 1549 δὲ
1583 1496 1817 1563 δεκάτην
1841 1517 1882 1550 15

122 1594 316 1654 ποιῶν,
356 1586 421 1638 οὐ
461 1593 632 1638 ταῦτα
671 1588 840 1639 αἰτῶν
880 1587 1083 1654 δήπου,
1130 1584 1249 1655 μήτ’
1298 1587 1480 1639 οἰκίαν
1517 1588 1651 1655 μήτε
1690 1590 1817 1654 κλῆ-

123 1695 225 1743 ρον
263 1676 609 1741 παραδοῦναι
649 1683 765 1737 τοῖς
795 1674 994 1743 υἱέσιν,
1032 1675 1171 1728 ἀλλὰ
1204 1676 1516 1744 διαδόχους,
1554 1677 1818 1743 κληρονό-

122 1784 275 1831 μους,
315 1764 612 1834 χορηγούς,
659 1765 1014 1834 τριηράρχοις,
1054 1763 1306 1834 ῥήτορας,
1343 1763 1617 1833 πρέσβεις,
1657 1779 1817 1833 στρα-

123 1853 318 1915 τιώτας
357 1852 624 1920 ἀγαθούς,
664 1852 931 1922 ἀριστέας,
976 1853 1328 1923 στρατηγούς.
1391 1851 1476 1906 57.
1515 1861 1705 1922 ταῦτα,
1744 1853 1818 1915 ὡς

123 1942 283 2006 εἰκός,
326 1940 483 1994 ἐδέου
524 1956 612 1994 σοι
653 1941 916 2008 γενέσθαι
954 1943 1102 2010 παρὰ
1140 1952 1253 1995 τῶν
1290 1948 1459 2011 θεῶν,
1511 1937 1671 1995 αὗται
1712 1942 1815 2010 γὰρ
1841 1963 1884 1996 20

123 2028 276 2098 εὐχαὶ
301 2029 566 2096 πατέρων.
598 2031 813 2083 τούτων
838 2030 1241 2101 ἀναμνήσθητι,
1266 2038 1437 2084 ταῦτα
1469 2031 1816 2101 αἰσχύνθητι.

121 2119 212 2171 καὶ
252 2120 322 2187 μὴ
364 2119 569 2172 σαυτὸν
615 2116 718 2187 μὲν
764 2121 970 2173 ἄπαιδα
1016 2122 1358 2190 καταστήσῃς
1404 2122 1584 2174 ὄντων
1630 2118 1815 2186 υἱέων,

122 2208 261 2276 ἡμᾶς
295 2207 301 2274 Ι
338 2204 398 2260 δὲ
445 2207 730 2276 ὀρφανοὺς
779 2210 938 2271 ὄντος
991 2211 1208 2278 πατρός.
1265 2209 1465 2271 ἱκανῶς
1514 2207 1636 2261 ἐδά-
1684 2211 1803 2256 RIV
1820 2216 1905 2256 685

123 2309 328 2363 κρυσεν
362 2297 391 2364 ἡ
425 2298 617 2365 μήτηρ,
659 2297 859 2360 ἱκανῶς
890 2297 919 2350 ὁ
953 2298 1226 2366 δυστυχὴς
1258 2297 1515 2366 ἀδελφός,
1557 2298 1754 2360 ἱκανῶς
1785 2296 1814 2350 ὁ

123 2383 255 2447 τέως
292 2382 392 2451 μὲν
432 2385 709 2451 εὐδαίμων
747 2388 1101 2455 νομιζόμενος
1141 2385 1263 2454 ἐγώ,
1303 2393 1411 2440 νῦν
1450 2383 1510 2439 δὲ
1543 2385 1816 2439 ἀθλιώτα-
1841 2406 1883 2440 25

244 2519 297 2558 15
331 2515 386 2559 cf.
423 2530 466 2572 p.
494 2519 593 2568 616,
614 2520 682 2559 11.
716 2514 844 2560 Dem.
878 2516 1038 2561 Boeoss.
1065 2531 1187 2560 nom.
1212 2532 1257 2573 p.
1288 2521 1460 2572 1001‚4
1493 2519 1540 2560 et
1572 2520 1621 2570 83
1655 2516 1813 2561 Boeot.

125 2573 218 2617 dot.
250 2589 294 2630 p.
324 2579 451 2628 1016,
470 2578 539 2617 29.
574 2574 715 2618 Arist.
742 2588 810 2618 av.
838 2579 922 2618 922

245 2697 266 2734 1
302 2687 336 2735 ὦ
370 2690 585 2735 δικασταί
613 2706 687 2735 om
713 2693 858 2738 MaOl
978 2698 1004 2736 5
1037 2711 1086 2750 γε
1112 2707 1185 2736 om
1213 2695 1430 2739 MaC'zPa
1457 2697 1463 2749 Ι
1492 2700 1671 2736 σιωπᾶν
1691 2694 1815 2738 BVa

244 2755 268 2794 6
302 2752 516 2795 ἀπαιτεῖν
551 2751 617 2795 Va
762 2756 813 2794 11
855 2751 1023 2807 πράσις
1063 2754 1124 2797 Va
1156 2753 1266 2796 Fert
1295 2752 1398 2796 Mor
1543 2757 1596 2796 12
1629 2754 1707 2796 καὶ
1738 2766 1814 2797 om

124 2810 169 2853 B
314 2815 368 2854 13
408 2809 490 2866 μὲν
516 2836 570 2842 -
595 2809 646 2854 δὲ
686 2823 762 2853 om
800 2810 911 2854 Fen·
959 2813 966 2867 Ι
1018 2811 1183 2856 ἑαυτὸν
1213 2812 1434 2857 MaOlPa
1472 2810 1575 2855 Mor
1605 2811 1671 2854 Re

127 2873 180 2911 14
205 2867 289 2924 μὲν
313 2883 388 2912 om
413 2869 559 2914 Maol
681 2873 735 2912 15
760 2869 1076 2926 γεγενημένων
1095 2871 1240 2915 MaGl
1362 2875 1414 2913 17
1445 2871 1612 2914 δοῦναι
1639 2871 1718 2917 M⁴

124 2931 179 2970 20
211 2934 302 2971 τῶν
334 2942 409 2971 om
436 2927 582 2972 MaGl
609 2931 614 2982 Ι
644 2928 782 2971 αὐταὶ
807 2929 932 2973 BVa
1054 2934 1110 2972 24
1143 2927 1166 2971 ὁ
1200 2943 1276 2972 om
1303 2931 1392 2973 Ma
