<?xml version="1.0" encoding="UTF-8"?>
<!DOCTYPE html PUBLIC "-//W3C//DTD XHTML 1.0 Transitional//EN"
    "http://www.w3.org/TR/xhtml1/DTD/xhtml1-transitional.dtd">
<html xmlns="http://www.w3.org/1999/xhtml" xml:lang="en" lang="en">
 <head>
  <title>
</title>
<meta http-equiv="Content-Type" content="text/html;charset=utf-8" />
  <meta name='ocr-system' content='tesseract 3.04.00' />
  <meta name='ocr-capabilities' content='ocr_page ocr_carea ocr_par ocr_line ocrx_word'/>
</head>
<body>
  <div class='ocr_page' id='page_1' title='image "./operarecensuitri07libauoft_0179.png"; bbox 0 0 2044 3168; ppageno 0'>
   <div class='ocr_carea' id='block_1_1' title="bbox 152 121 1839 178">
    <p class='ocr_par' dir='ltr' id='par_1_1' title="bbox 152 121 1839 178">
     <span class='ocr_line' id='line_1_1' title="bbox 152 121 1839 178; baseline 0.002 -12"><span class='ocrx_word' id='word_1_1' title='bbox 152 122 236 167; x_wconf 87' lang='lat' dir='ltr'><strong><em>AD</em></strong></span> <span class='ocrx_word' id='word_1_2' title='bbox 267 121 766 169; x_wconf 84' lang='lat' dir='ltr'>ANTEOEDENTEM</span> <span class='ocrx_word' id='word_1_3' title='bbox 796 122 1325 168; x_wconf 82' lang='lat' dir='ltr'>DECLAMATIONEM</span> <span class='ocrx_word' id='word_1_4' title='bbox 1355 123 1688 169; x_wconf 85' lang='lat' dir='ltr'>ANTILOGIA</span> <span class='ocrx_word' id='word_1_5' title='bbox 1739 125 1839 178; x_wconf 88' lang='lat'><strong><em>161</em></strong></span> 
     </span>
    </p>
   </div>
   <div class='ocr_carea' id='block_1_2' title="bbox 147 254 1915 2819">
    <p class='ocr_par' dir='ltr' id='par_1_2' title="bbox 147 254 1915 2819">
     <span class='ocr_line' id='line_1_2' title="bbox 149 254 1844 330; baseline 0.001 -19"><span class='ocrx_word' id='word_1_6' title='bbox 149 279 293 328; x_wconf 83' lang='grc' dir='ltr'><strong><em>ματα</em></strong></span> <span class='ocrx_word' id='word_1_7' title='bbox 331 254 412 312; x_wconf 79' lang='grc' dir='ltr'><strong><em>ὧν</em></strong></span> <span class='ocrx_word' id='word_1_8' title='bbox 449 261 550 314; x_wconf 90' lang='grc' dir='ltr'><strong><em>τὸν</em></strong></span> <span class='ocrx_word' id='word_1_9' title='bbox 588 259 834 330; x_wconf 87' lang='grc' dir='ltr'><strong><em>ἀριθμὸν</em></strong></span> <span class='ocrx_word' id='word_1_10' title='bbox 871 262 926 313; x_wconf 90' lang='grc' dir='ltr'><strong><em>τί</em></strong></span> <span class='ocrx_word' id='word_1_11' title='bbox 963 261 1052 314; x_wconf 77' lang='grc' dir='ltr'><strong><em>δεῖ</em></strong></span> <span class='ocrx_word' id='word_1_12' title='bbox 1088 258 1292 328; x_wconf 84' lang='grc' dir='ltr'><strong><em>λέγειν;</em></strong></span> <span class='ocrx_word' id='word_1_13' title='bbox 1333 260 1532 329; x_wconf 78' lang='grc' dir='ltr'><strong><em>εἰδείης</em></strong></span> <span class='ocrx_word' id='word_1_14' title='bbox 1564 259 1634 314; x_wconf 77' lang='grc' dir='ltr'><strong><em>ἄν</em></strong></span> <span class='ocrx_word' id='word_1_15' title='bbox 1666 260 1844 324; x_wconf 85' lang='grc' dir='ltr'><strong><em>αὐτός.</em></strong></span> 
     </span>
     <span class='ocr_line' id='line_1_3' title="bbox 147 345 1846 418; baseline 0.001 -18"><span class='ocrx_word' id='word_1_16' title='bbox 147 348 293 417; x_wconf 85' lang='grc' dir='ltr'><strong><em>πλὴν</em></strong></span> <span class='ocrx_word' id='word_1_17' title='bbox 348 348 450 401; x_wconf 85' lang='grc' dir='ltr'><strong><em>οὐκ</em></strong></span> <span class='ocrx_word' id='word_1_18' title='bbox 502 349 758 418; x_wconf 82' lang='grc' dir='ltr'><strong><em>ἠγάπησα</em></strong></span> <span class='ocrx_word' id='word_1_19' title='bbox 810 353 1055 402; x_wconf 84' lang='grc' dir='ltr'><strong><em>πλοῦτον</em></strong></span> <span class='ocrx_word' id='word_1_20' title='bbox 1107 345 1208 417; x_wconf 73' lang='grc' dir='ltr'><strong><em>μὲν</em></strong></span> <span class='ocrx_word' id='word_1_21' title='bbox 1259 346 1406 418; x_wconf 80' lang='grc' dir='ltr'><strong><em>ἔχειν</em></strong></span> <span class='ocrx_word' id='word_1_22' title='bbox 1459 347 1550 402; x_wconf 87' lang='grc' dir='ltr'><strong><em>καὶ</em></strong></span> <span class='ocrx_word' id='word_1_23' title='bbox 1604 351 1846 418; x_wconf 80' lang='grc' dir='ltr'><strong><em>κτήματα</em></strong></span> 
     </span>
     <span class='ocr_line' id='line_1_4' title="bbox 149 436 1847 506; baseline 0.002 -17"><span class='ocrx_word' id='word_1_24' title='bbox 149 438 284 490; x_wconf 84' lang='grc' dir='ltr'><strong><em>τόσα</em></strong></span> <span class='ocrx_word' id='word_1_25' title='bbox 330 436 421 490; x_wconf 81' lang='grc' dir='ltr'><strong><em>καὶ</em></strong></span> <span class='ocrx_word' id='word_1_26' title='bbox 468 440 626 506; x_wconf 88' lang='grc' dir='ltr'><strong><em>τόσα,</em></strong></span> <span class='ocrx_word' id='word_1_27' title='bbox 674 439 772 492; x_wconf 90' lang='grc' dir='ltr'><strong><em>τὸν</em></strong></span> <span class='ocrx_word' id='word_1_28' title='bbox 818 437 1024 506; x_wconf 78' lang='grc' dir='ltr'><strong><em>πατέρα</em></strong></span> <span class='ocrx_word' id='word_1_29' title='bbox 1071 437 1133 491; x_wconf 79' lang='grc' dir='ltr'><strong><em>δὲ</em></strong></span> <span class='ocrx_word' id='word_1_30' title='bbox 1171 437 1451 506; x_wconf 78' lang='grc' dir='ltr'><strong><em>οὐδαμῶς,</em></strong></span> <span class='ocrx_word' id='word_1_31' title='bbox 1500 436 1619 490; x_wconf 84' lang='grc' dir='ltr'><strong><em>ἀλλ’</em></strong></span> <span class='ocrx_word' id='word_1_32' title='bbox 1665 438 1847 492; x_wconf 83' lang='grc' dir='ltr'><strong><em>ἐκεῖνα</em></strong></span> 
     </span>
     <span class='ocr_line' id='line_1_5' title="bbox 150 526 1846 598; baseline 0.001 -19"><span class='ocrx_word' id='word_1_33' title='bbox 150 526 252 593; x_wconf 84' lang='grc' dir='ltr'><strong><em>μὲν</em></strong></span> <span class='ocrx_word' id='word_1_34' title='bbox 289 529 686 596; x_wconf 81' lang='grc' dir='ltr'><strong><em>προθυμότατα</em></strong></span> <span class='ocrx_word' id='word_1_35' title='bbox 724 526 1101 598; x_wconf 78' lang='grc' dir='ltr'><strong><em>ἀφαιρεθῆναι</em></strong></span> <span class='ocrx_word' id='word_1_36' title='bbox 1142 527 1323 596; x_wconf 82' lang='grc' dir='ltr'><strong><em>ὥσπερ</em></strong></span> <span class='ocrx_word' id='word_1_37' title='bbox 1363 527 1454 580; x_wconf 79' lang='grc' dir='ltr'><strong><em>καὶ</em></strong></span> <span class='ocrx_word' id='word_1_38' title='bbox 1495 528 1680 598; x_wconf 79' lang='grc' dir='ltr'><strong><em>ἄκρων</em></strong></span> <span class='ocrx_word' id='word_1_39' title='bbox 1719 527 1846 581; x_wconf 90' lang='grc' dir='ltr'><strong><em>ὀνύ-</em></strong></span> 
     </span>
     <span class='ocr_line' id='line_1_6' title="bbox 152 613 1915 686; baseline 0.003 -19"><span class='ocrx_word' id='word_1_40' title='bbox 152 635 283 684; x_wconf 89' lang='grc' dir='ltr'><strong><em>χων,</em></strong></span> <span class='ocrx_word' id='word_1_41' title='bbox 315 623 417 669; x_wconf 85' lang='grc' dir='ltr'><strong><em>σοῦ</em></strong></span> <span class='ocrx_word' id='word_1_42' title='bbox 450 616 514 669; x_wconf 82' lang='grc' dir='ltr'><strong><em>δὲ</em></strong></span> <span class='ocrx_word' id='word_1_43' title='bbox 543 613 668 685; x_wconf 87' lang='grc' dir='ltr'><strong><em>μηδ’</em></strong></span> <span class='ocrx_word' id='word_1_44' title='bbox 708 615 768 669; x_wconf 83' lang='grc' dir='ltr'><strong><em>ἐν</em></strong></span> <span class='ocrx_word' id='word_1_45' title='bbox 811 616 1050 686; x_wconf 82' lang='grc' dir='ltr'><strong><em>ὀνείροις</em></strong></span> <span class='ocrx_word' id='word_1_46' title='bbox 1090 617 1485 686; x_wconf 79' lang='grc' dir='ltr'><strong><em>διαζευχθῆναι</em></strong></span> <span class='ocrx_word' id='word_1_47' title='bbox 1524 617 1845 684; x_wconf 84' lang='grc' dir='ltr'><strong><em>βούλεσθαι.</em></strong></span> <span class='ocrx_word' id='word_1_48' title='bbox 1894 640 1915 673; x_wconf 76' lang='lat'><strong>5</strong></span> 
     </span>
     <span class='ocr_line' id='line_1_7' title="bbox 149 703 1846 774; baseline 0.001 -17"><span class='ocrx_word' id='word_1_49' title='bbox 149 705 237 757; x_wconf 88' lang='lat'><strong><em>40.</em></strong></span> <span class='ocrx_word' id='word_1_50' title='bbox 277 703 368 757; x_wconf 81' lang='grc' dir='ltr'><strong><em>καὶ</em></strong></span> <span class='ocrx_word' id='word_1_51' title='bbox 414 707 472 758; x_wconf 91' lang='grc' dir='ltr'><strong><em>τί</em></strong></span> <span class='ocrx_word' id='word_1_52' title='bbox 512 712 676 758; x_wconf 85' lang='grc' dir='ltr'><strong><em>τοῦτο</em></strong></span> <span class='ocrx_word' id='word_1_53' title='bbox 724 703 863 774; x_wconf 89' lang='grc' dir='ltr'><strong><em>λέγω</em></strong></span> <span class='ocrx_word' id='word_1_54' title='bbox 912 706 986 768; x_wconf 84' lang='grc' dir='ltr'><strong><em>ὡς</em></strong></span> <span class='ocrx_word' id='word_1_55' title='bbox 1032 707 1159 758; x_wconf 85' lang='grc' dir='ltr'><strong><em>λίαν</em></strong></span> <span class='ocrx_word' id='word_1_56' title='bbox 1206 705 1549 774; x_wconf 87' lang='grc' dir='ltr'><strong><em>θαυμάσιον,</em></strong></span> <span class='ocrx_word' id='word_1_57' title='bbox 1597 705 1736 758; x_wconf 83' lang='grc' dir='ltr'><strong><em>ὅπου</em></strong></span> <span class='ocrx_word' id='word_1_58' title='bbox 1785 724 1846 773; x_wconf 87' lang='grc' dir='ltr'><strong><em>γε</em></strong></span> 
     </span>
     <span class='ocr_line' id='line_1_8' title="bbox 152 792 1846 864; baseline 0.001 -18"><span class='ocrx_word' id='word_1_59' title='bbox 152 795 359 862; x_wconf 84' lang='grc' dir='ltr'><strong><em>δεῆσαν</em></strong></span> <span class='ocrx_word' id='word_1_60' title='bbox 395 792 488 847; x_wconf 83' lang='grc' dir='ltr'><strong><em>καὶ</em></strong></span> <span class='ocrx_word' id='word_1_61' title='bbox 527 795 629 863; x_wconf 86' lang='grc' dir='ltr'><strong><em>τὴν</em></strong></span> <span class='ocrx_word' id='word_1_62' title='bbox 677 794 818 863; x_wconf 84' lang='grc' dir='ltr'><strong><em>ζωὴν</em></strong></span> <span class='ocrx_word' id='word_1_63' title='bbox 863 794 1002 864; x_wconf 83' lang='grc' dir='ltr'><strong><em>ὑπὲρ</em></strong></span> <span class='ocrx_word' id='word_1_64' title='bbox 1051 802 1153 847; x_wconf 89' lang='grc' dir='ltr'><strong><em>σοῦ</em></strong></span> <span class='ocrx_word' id='word_1_65' title='bbox 1202 793 1303 847; x_wconf 88' lang='grc' dir='ltr'><strong><em>οὐκ</em></strong></span> <span class='ocrx_word' id='word_1_66' title='bbox 1350 793 1421 847; x_wconf 77' lang='grc' dir='ltr'><strong><em>ἂν</em></strong></span> <span class='ocrx_word' id='word_1_67' title='bbox 1467 793 1708 863; x_wconf 83' lang='grc' dir='ltr'><strong><em>ἀπέσχον</em></strong></span> <span class='ocrx_word' id='word_1_68' title='bbox 1745 802 1846 847; x_wconf 88' lang='grc' dir='ltr'><strong><em>τοῦ</em></strong></span> 
     </span>
     <span class='ocr_line' id='line_1_9' title="bbox 149 879 1846 952; baseline 0.001 -17"><span class='ocrx_word' id='word_1_69' title='bbox 149 884 223 952; x_wconf 89' lang='grc' dir='ltr'><strong><em>μὴ</em></strong></span> <span class='ocrx_word' id='word_1_70' title='bbox 277 883 504 952; x_wconf 92' lang='grc' dir='ltr'><strong><em>τάχιστα</em></strong></span> <span class='ocrx_word' id='word_1_71' title='bbox 557 883 781 949; x_wconf 86' lang='grc' dir='ltr'><strong><em>δοῦναι,</em></strong></span> <span class='ocrx_word' id='word_1_72' title='bbox 835 884 1011 952; x_wconf 91' lang='grc' dir='ltr'><strong><em>μόνον</em></strong></span> <span class='ocrx_word' id='word_1_73' title='bbox 1064 884 1112 936; x_wconf 80' lang='grc' dir='ltr'><strong><em>εἰ</em></strong></span> <span class='ocrx_word' id='word_1_74' title='bbox 1167 891 1275 946; x_wconf 92' lang='grc' dir='ltr'><strong><em>σῶς</em></strong></span> <span class='ocrx_word' id='word_1_75' title='bbox 1325 883 1492 946; x_wconf 84' lang='grc' dir='ltr'><strong><em>αὐτὸς</em></strong></span> <span class='ocrx_word' id='word_1_76' title='bbox 1546 879 1661 936; x_wconf 87' lang='grc' dir='ltr'><strong><em>ἀντ’</em></strong></span> <span class='ocrx_word' id='word_1_77' title='bbox 1712 880 1846 952; x_wconf 86' lang='grc' dir='ltr'><strong><em>ἐμοῦ</em></strong></span> 
     </span>
     <span class='ocr_line' id='line_1_10' title="bbox 150 970 1848 1044; baseline 0 -19"><span class='ocrx_word' id='word_1_78' title='bbox 150 970 369 1039; x_wconf 82' lang='grc' dir='ltr'><strong><em>ἔμελλες</em></strong></span> <span class='ocrx_word' id='word_1_79' title='bbox 413 981 681 1042; x_wconf 87' lang='grc' dir='ltr'><strong><em>περιεῖναι</em></strong></span> <span class='ocrx_word' id='word_1_80' title='bbox 731 979 806 1044; x_wconf 78' lang='grc' dir='ltr'><strong><em>τῷ</em></strong></span> <span class='ocrx_word' id='word_1_81' title='bbox 846 973 973 1044; x_wconf 76' lang='grc' dir='ltr'><strong><em>βίῳς</em></strong></span> <span class='ocrx_word' id='word_1_82' title='bbox 1029 971 1166 1025; x_wconf 84' lang='grc' dir='ltr'><strong><em>ὅθεν</em></strong></span> <span class='ocrx_word' id='word_1_83' title='bbox 1204 972 1294 1025; x_wconf 80' lang='grc' dir='ltr'><strong><em>καὶ</em></strong></span> <span class='ocrx_word' id='word_1_84' title='bbox 1341 973 1415 1040; x_wconf 88' lang='grc' dir='ltr'><strong><em>μή</em></strong></span> <span class='ocrx_word' id='word_1_85' title='bbox 1441 992 1553 1039; x_wconf 85' lang='grc' dir='ltr'><strong><em>μοι</em></strong></span> <span class='ocrx_word' id='word_1_86' title='bbox 1601 974 1848 1042; x_wconf 85' lang='grc' dir='ltr'><strong><em>χρήματα</em></strong></span> 
     </span>
     <span class='ocr_line' id='line_1_11' title="bbox 151 1058 1914 1131; baseline 0.002 -18"><span class='ocrx_word' id='word_1_87' title='bbox 151 1064 396 1129; x_wconf 78' lang='grc' dir='ltr'><strong><em>λογίζου,</em></strong></span> <span class='ocrx_word' id='word_1_88' title='bbox 445 1061 518 1129; x_wconf 82' lang='grc' dir='ltr'><strong><em>μὴ</em></strong></span> <span class='ocrx_word' id='word_1_89' title='bbox 565 1063 919 1131; x_wconf 89' lang='grc' dir='ltr'><strong><em>περιουσίαν,</em></strong></span> <span class='ocrx_word' id='word_1_90' title='bbox 964 1061 1037 1130; x_wconf 89' lang='grc' dir='ltr'><strong><em>μὴ</em></strong></span> <span class='ocrx_word' id='word_1_91' title='bbox 1085 1068 1281 1130; x_wconf 84' lang='grc' dir='ltr'><strong><em>κτῆσιν</em></strong></span> <span class='ocrx_word' id='word_1_92' title='bbox 1328 1062 1502 1130; x_wconf 76' lang='grc' dir='ltr'><strong><em>ἀλλην</em></strong></span> <span class='ocrx_word' id='word_1_93' title='bbox 1546 1058 1639 1114; x_wconf 86' lang='grc' dir='ltr'><strong><em>καὶ</em></strong></span> <span class='ocrx_word' id='word_1_94' title='bbox 1677 1059 1844 1131; x_wconf 82' lang='grc' dir='ltr'><strong><em>κέρδη</em></strong></span> <span class='ocrx_word' id='word_1_95' title='bbox 1870 1086 1914 1118; x_wconf 83' lang='grc' dir='ltr'><strong><em>ιο</em></strong></span> 
     </span>
     <span class='ocr_line' id='line_1_12' title="bbox 148 1148 1846 1219; baseline 0.001 -17"><span class='ocrx_word' id='word_1_96' title='bbox 148 1158 383 1203; x_wconf 88' lang='grc' dir='ltr'><strong><em>παντοῖα</em></strong></span> <span class='ocrx_word' id='word_1_97' title='bbox 427 1148 517 1202; x_wconf 85' lang='grc' dir='ltr'><strong><em>καὶ</em></strong></span> <span class='ocrx_word' id='word_1_98' title='bbox 557 1150 761 1218; x_wconf 83' lang='grc' dir='ltr'><strong><em>ἡδονὰς</em></strong></span> <span class='ocrx_word' id='word_1_99' title='bbox 792 1149 1060 1203; x_wconf 83' lang='grc' dir='ltr'><strong><em>ἐντεῦθεν</em></strong></span> <span class='ocrx_word' id='word_1_100' title='bbox 1090 1149 1470 1219; x_wconf 76' lang='grc' dir='ltr'><strong><em>γεγενημένας.</em></strong></span> <span class='ocrx_word' id='word_1_101' title='bbox 1511 1149 1721 1219; x_wconf 81' lang='grc' dir='ltr'><strong><em>ἀπόχρη</em></strong></span> <span class='ocrx_word' id='word_1_102' title='bbox 1752 1170 1846 1218; x_wconf 90' lang='grc' dir='ltr'><strong><em>μοι</em></strong></span> 
     </span>
     <span class='ocr_line' id='line_1_13' title="bbox 150 1234 1846 1309; baseline 0 -17"><span class='ocrx_word' id='word_1_103' title='bbox 150 1239 339 1292; x_wconf 84' lang='grc' dir='ltr'><strong><em>συνὼν</em></strong></span> <span class='ocrx_word' id='word_1_104' title='bbox 385 1238 414 1292; x_wconf 89' lang='grc' dir='ltr'>ὁ</span> <span class='ocrx_word' id='word_1_105' title='bbox 460 1240 637 1309; x_wconf 87' lang='grc' dir='ltr'><strong><em>πατὴρ</em></strong></span> <span class='ocrx_word' id='word_1_106' title='bbox 685 1237 810 1292; x_wconf 86' lang='grc' dir='ltr'><strong><em>ἀντὶ</em></strong></span> <span class='ocrx_word' id='word_1_107' title='bbox 855 1240 1092 1293; x_wconf 89' lang='grc' dir='ltr'><strong><em>πάντων.</em></strong></span> <span class='ocrx_word' id='word_1_108' title='bbox 1144 1237 1268 1309; x_wconf 85' lang='grc' dir='ltr'><strong><em>μεθ’</em></strong></span> <span class='ocrx_word' id='word_1_109' title='bbox 1317 1234 1384 1292; x_wconf 83' lang='grc' dir='ltr'><strong><em>οὗ</em></strong></span> <span class='ocrx_word' id='word_1_110' title='bbox 1431 1240 1537 1293; x_wconf 77' lang='grc' dir='ltr'><strong><em>κᾶν</em></strong></span> <span class='ocrx_word' id='word_1_111' title='bbox 1590 1240 1846 1308; x_wconf 82' lang='grc' dir='ltr'><strong><em>δυστυχῶ</em></strong></span> 
     </span>
     <span class='ocr_line' id='line_1_14' title="bbox 149 1322 1849 1399; baseline 0 -18"><span class='ocrx_word' id='word_1_112' title='bbox 149 1327 255 1381; x_wconf 74' lang='grc' dir='ltr'><strong><em>κᾶν</em></strong></span> <span class='ocrx_word' id='word_1_113' title='bbox 301 1327 536 1397; x_wconf 78' lang='grc' dir='ltr'><strong><em>ἐσχάτως</em></strong></span> <span class='ocrx_word' id='word_1_114' title='bbox 580 1332 932 1399; x_wconf 89' lang='grc' dir='ltr'><strong><em>ταλαιπωρῶ,</em></strong></span> <span class='ocrx_word' id='word_1_115' title='bbox 980 1328 1046 1381; x_wconf 86' lang='grc' dir='ltr'><strong><em>οὐ</em></strong></span> <span class='ocrx_word' id='word_1_116' title='bbox 1086 1329 1302 1398; x_wconf 80' lang='grc' dir='ltr'><strong><em>μακρὰν</em></strong></span> <span class='ocrx_word' id='word_1_117' title='bbox 1341 1322 1482 1382; x_wconf 84' lang='grc' dir='ltr'><strong><em>εἶναι</em></strong></span> <span class='ocrx_word' id='word_1_118' title='bbox 1513 1338 1626 1382; x_wconf 90' lang='grc' dir='ltr'><strong><em>τῶν</em></strong></span> <span class='ocrx_word' id='word_1_119' title='bbox 1665 1328 1849 1382; x_wconf 88' lang='grc' dir='ltr'><strong><em>εὐδαι-</em></strong></span> 
     </span>
     <span class='ocr_line' id='line_1_15' title="bbox 148 1413 1846 1487; baseline 0 -17"><span class='ocrx_word' id='word_1_120' title='bbox 148 1418 476 1484; x_wconf 89' lang='grc' dir='ltr'><strong><em>μονούντων</em></strong></span> <span class='ocrx_word' id='word_1_121' title='bbox 515 1419 686 1485; x_wconf 84' lang='grc' dir='ltr'><strong><em>δοκῶ,</em></strong></span> <span class='ocrx_word' id='word_1_122' title='bbox 733 1418 917 1487; x_wconf 84' lang='grc' dir='ltr'><strong><em>ὥσπερ</em></strong></span> <span class='ocrx_word' id='word_1_123' title='bbox 965 1413 1035 1471; x_wconf 83' lang='grc' dir='ltr'><strong><em>αὖ</em></strong></span> <span class='ocrx_word' id='word_1_124' title='bbox 1085 1416 1584 1487; x_wconf 86' lang='grc' dir='ltr'><strong><em>ἀπωρφανισμένος</em></strong></span> <span class='ocrx_word' id='word_1_125' title='bbox 1631 1416 1846 1471; x_wconf 85' lang='grc' dir='ltr'><strong><em>ἐκείνου</em></strong></span> 
     </span>
     <span class='ocr_line' id='line_1_16' title="bbox 153 1505 1912 1575; baseline 0.001 -16"><span class='ocrx_word' id='word_1_126' title='bbox 153 1505 221 1559; x_wconf 86' lang='grc' dir='ltr'><strong><em>οὐ</em></strong></span> <span class='ocrx_word' id='word_1_127' title='bbox 268 1507 411 1559; x_wconf 87' lang='grc' dir='ltr'><strong><em>πολὺ</em></strong></span> <span class='ocrx_word' id='word_1_128' title='bbox 450 1515 563 1559; x_wconf 91' lang='grc' dir='ltr'><strong><em>τῶν</em></strong></span> <span class='ocrx_word' id='word_1_129' title='bbox 615 1505 826 1569; x_wconf 83' lang='grc' dir='ltr'><strong><em>ἀθλίως</em></strong></span> <span class='ocrx_word' id='word_1_130' title='bbox 874 1505 1117 1575; x_wconf 83' lang='grc' dir='ltr'><strong><em>ἐχόντων</em></strong></span> <span class='ocrx_word' id='word_1_131' title='bbox 1164 1507 1509 1575; x_wconf 87' lang='grc' dir='ltr'><strong><em>διίστασθαι,</em></strong></span> <span class='ocrx_word' id='word_1_132' title='bbox 1562 1506 1667 1560; x_wconf 78' lang='grc' dir='ltr'><strong><em>κᾶν</em></strong></span> <span class='ocrx_word' id='word_1_133' title='bbox 1716 1509 1846 1569; x_wconf 88' lang='grc' dir='ltr'><strong><em>τοὺς</em></strong></span> <span class='ocrx_word' id='word_1_134' title='bbox 1871 1529 1912 1562; x_wconf 82' lang='lat'><strong><em>15</em></strong></span> 
     </span>
     <span class='ocr_line' id='line_1_17' title="bbox 149 1593 1848 1666; baseline 0 -18"><span class='ocrx_word' id='word_1_135' title='bbox 149 1595 357 1648; x_wconf 89' lang='grc' dir='ltr'><strong><em>Λυδῶν</em></strong></span> <span class='ocrx_word' id='word_1_136' title='bbox 406 1593 511 1648; x_wconf 77' lang='grc' dir='ltr'><strong><em>κᾶν</em></strong></span> <span class='ocrx_word' id='word_1_137' title='bbox 556 1597 686 1658; x_wconf 86' lang='grc' dir='ltr'><strong><em>τοὺς</em></strong></span> <span class='ocrx_word' id='word_1_138' title='bbox 725 1595 985 1648; x_wconf 81' lang='grc' dir='ltr'><strong><em>ἁπάντων</em></strong></span> <span class='ocrx_word' id='word_1_139' title='bbox 1023 1593 1342 1666; x_wconf 82' lang='grc' dir='ltr'><strong><em>ἀνθρώπων</em></strong></span> <span class='ocrx_word' id='word_1_140' title='bbox 1372 1600 1593 1649; x_wconf 87' lang='grc' dir='ltr'><strong><em>πλουτῶ</em></strong></span> <span class='ocrx_word' id='word_1_141' title='bbox 1633 1601 1848 1664; x_wconf 88' lang='grc' dir='ltr'><strong><em>θησαυ-</em></strong></span> 
     </span>
     <span class='ocr_line' id='line_1_18' title="bbox 150 1680 1848 1755; baseline 0 -18"><span class='ocrx_word' id='word_1_142' title='bbox 150 1685 298 1754; x_wconf 89' lang='grc' dir='ltr'><strong><em>ρούς.</em></strong></span> <span class='ocrx_word' id='word_1_143' title='bbox 352 1683 525 1747; x_wconf 80' lang='grc' dir='ltr'><strong><em>οὕτως</em></strong></span> <span class='ocrx_word' id='word_1_144' title='bbox 573 1682 678 1752; x_wconf 83' lang='grc' dir='ltr'><strong><em>ἐγὼ</em></strong></span> <span class='ocrx_word' id='word_1_145' title='bbox 725 1692 891 1754; x_wconf 83' lang='grc' dir='ltr'><strong><em>τιμᾶν</em></strong></span> <span class='ocrx_word' id='word_1_146' title='bbox 938 1680 1063 1737; x_wconf 82' lang='grc' dir='ltr'><strong><em>οἶδα</em></strong></span> <span class='ocrx_word' id='word_1_147' title='bbox 1117 1694 1300 1751; x_wconf 84' lang='grc' dir='ltr'><strong><em>γονεῖς</em></strong></span> <span class='ocrx_word' id='word_1_148' title='bbox 1353 1683 1445 1737; x_wconf 84' lang='grc' dir='ltr'><strong><em>καὶ</em></strong></span> <span class='ocrx_word' id='word_1_149' title='bbox 1499 1692 1678 1755; x_wconf 90' lang='grc' dir='ltr'><strong><em>χρῆμα</em></strong></span> <span class='ocrx_word' id='word_1_150' title='bbox 1731 1693 1848 1747; x_wconf 89' lang='grc' dir='ltr'><strong><em>τοῖς</em></strong></span> 
     </span>
     <span class='ocr_line' id='line_1_19' title="bbox 147 1767 1846 1842; baseline 0.001 -17"><span class='ocrx_word' id='word_1_151' title='bbox 147 1771 358 1835; x_wconf 85' lang='grc' dir='ltr'><strong><em>τέκνοις</em></strong></span> <span class='ocrx_word' id='word_1_152' title='bbox 396 1773 601 1842; x_wconf 74' lang='grc' dir='ltr'><strong><em>ἥγημαι</em></strong></span> <span class='ocrx_word' id='word_1_153' title='bbox 639 1773 870 1835; x_wconf 88' lang='grc' dir='ltr'><strong><em>τούτους</em></strong></span> <span class='ocrx_word' id='word_1_154' title='bbox 908 1773 1133 1827; x_wconf 90' lang='grc' dir='ltr'><strong><em>πάντων</em></strong></span> <span class='ocrx_word' id='word_1_155' title='bbox 1173 1767 1315 1826; x_wconf 85' lang='grc' dir='ltr'><strong><em>εἶναι</em></strong></span> <span class='ocrx_word' id='word_1_156' title='bbox 1363 1773 1654 1842; x_wconf 89' lang='grc' dir='ltr'><strong><em>χρημάτων</em></strong></span> <span class='ocrx_word' id='word_1_157' title='bbox 1694 1773 1846 1842; x_wconf 87' lang='grc' dir='ltr'><strong><em>ὀφεῖ-</em></strong></span> 
     </span>
     <span class='ocr_line' id='line_1_20' title="bbox 152 1860 1846 1931; baseline 0.001 -17"><span class='ocrx_word' id='word_1_158' title='bbox 152 1867 251 1914; x_wconf 87' lang='grc' dir='ltr'><strong><em>λον</em></strong></span> <span class='ocrx_word' id='word_1_159' title='bbox 291 1860 637 1931; x_wconf 80' lang='grc' dir='ltr'><strong><em>ἐξῃρημένον.</em></strong></span> <span class='ocrx_word' id='word_1_160' title='bbox 694 1861 782 1914; x_wconf 88' lang='grc'><strong><em>41.</em></strong></span> <span class='ocrx_word' id='word_1_161' title='bbox 823 1862 910 1914; x_wconf 91' lang='grc' dir='ltr'><strong><em>διὸ</em></strong></span> <span class='ocrx_word' id='word_1_162' title='bbox 951 1860 1071 1915; x_wconf 84' lang='grc' dir='ltr'><strong><em>οὐδ’</em></strong></span> <span class='ocrx_word' id='word_1_163' title='bbox 1117 1860 1416 1915; x_wconf 82' lang='grc' dir='ltr'><strong><em>ἐλαττῶσαι</em></strong></span> <span class='ocrx_word' id='word_1_164' title='bbox 1464 1863 1608 1915; x_wconf 89' lang='grc' dir='ltr'><strong><em>δοκῶ</em></strong></span> <span class='ocrx_word' id='word_1_165' title='bbox 1647 1882 1740 1931; x_wconf 93' lang='grc' dir='ltr'><strong><em>μοι</em></strong></span> <span class='ocrx_word' id='word_1_166' title='bbox 1780 1863 1846 1915; x_wconf 79' lang='grc' dir='ltr'><strong><em>τὰ</em></strong></span> 
     </span>
     <span class='ocr_line' id='line_1_21' title="bbox 149 1949 1914 2020; baseline 0.003 -18"><span class='ocrx_word' id='word_1_167' title='bbox 149 1951 418 2020; x_wconf 86' lang='grc' dir='ltr'><strong><em>χρήματα,</em></strong></span> <span class='ocrx_word' id='word_1_168' title='bbox 479 1959 594 2013; x_wconf 88' lang='grc' dir='ltr'><strong><em>πῶς</em></strong></span> <span class='ocrx_word' id='word_1_169' title='bbox 648 1951 752 2019; x_wconf 84' lang='grc' dir='ltr'><strong><em>γὰρ</em></strong></span> <span class='ocrx_word' id='word_1_170' title='bbox 815 1959 1083 2005; x_wconf 86' lang='grc' dir='ltr'><strong><em>τοσοῦτον</em></strong></span> <span class='ocrx_word' id='word_1_171' title='bbox 1135 1949 1405 2020; x_wconf 82' lang='grc' dir='ltr'><strong><em>προσθεὶς</em></strong></span> <span class='ocrx_word' id='word_1_172' title='bbox 1457 1952 1556 2004; x_wconf 90' lang='grc' dir='ltr'><strong><em>τὸν</em></strong></span> <span class='ocrx_word' id='word_1_173' title='bbox 1615 1950 1845 2019; x_wconf 74' lang='grc' dir='ltr'><strong><em>πατέρας</em></strong></span> <span class='ocrx_word' id='word_1_174' title='bbox 1871 1975 1914 2007; x_wconf 79' lang='lat'><strong><em>20</em></strong></span> 
     </span>
     <span class='ocr_line' id='line_1_22' title="bbox 152 2037 1847 2111; baseline 0.001 -20"><span class='ocrx_word' id='word_1_175' title='bbox 152 2038 290 2092; x_wconf 83' lang='grc' dir='ltr'><strong><em>ἀλλὰ</em></strong></span> <span class='ocrx_word' id='word_1_176' title='bbox 337 2040 573 2102; x_wconf 89' lang='grc' dir='ltr'><strong><em>δεόντως</em></strong></span> <span class='ocrx_word' id='word_1_177' title='bbox 627 2039 884 2108; x_wconf 86' lang='grc' dir='ltr'><strong><em>αὐξῆσαι,</em></strong></span> <span class='ocrx_word' id='word_1_178' title='bbox 940 2039 1024 2093; x_wconf 84' lang='grc' dir='ltr'><strong><em>ὅτι</em></strong></span> <span class='ocrx_word' id='word_1_179' title='bbox 1069 2038 1194 2108; x_wconf 86' lang='grc' dir='ltr'><strong><em>μηδ’</em></strong></span> <span class='ocrx_word' id='word_1_180' title='bbox 1249 2037 1480 2111; x_wconf 77' lang='grc' dir='ltr'><strong><em>ἔμποροι</em></strong></span> <span class='ocrx_word' id='word_1_181' title='bbox 1530 2040 1595 2093; x_wconf 82' lang='grc' dir='ltr'><strong><em>τὰ</em></strong></span> <span class='ocrx_word' id='word_1_182' title='bbox 1637 2038 1847 2093; x_wconf 83' lang='grc' dir='ltr'><strong><em>ἑαυτῶν</em></strong></span> 
     </span>
     <span class='ocr_line' id='line_1_23' title="bbox 151 2126 1847 2199; baseline 0.001 -19"><span class='ocrx_word' id='word_1_183' title='bbox 151 2127 415 2181; x_wconf 84' lang='grc' dir='ltr'><strong><em>ἐλαττοῦν</em></strong></span> <span class='ocrx_word' id='word_1_184' title='bbox 439 2133 652 2181; x_wconf 73' lang='grc' dir='ltr'><strong><em>οἴονται</em></strong></span> <span class='ocrx_word' id='word_1_185' title='bbox 677 2126 755 2196; x_wconf 80' lang='grc' dir='ltr'><strong><em>ἔν,</em></strong></span> <span class='ocrx_word' id='word_1_186' title='bbox 780 2128 828 2181; x_wconf 79' lang='grc' dir='ltr'><strong><em>εἰ</em></strong></span> <span class='ocrx_word' id='word_1_187' title='bbox 859 2129 1033 2198; x_wconf 84' lang='grc' dir='ltr'><strong><em>τύχοι,</em></strong></span> <span class='ocrx_word' id='word_1_188' title='bbox 1057 2137 1170 2181; x_wconf 90' lang='grc' dir='ltr'><strong><em>τῶν</em></strong></span> <span class='ocrx_word' id='word_1_189' title='bbox 1192 2128 1533 2198; x_wconf 79' lang='grc' dir='ltr'><strong><em>τιμιωτάτων</em></strong></span> <span class='ocrx_word' id='word_1_190' title='bbox 1564 2129 1847 2199; x_wconf 87' lang='grc' dir='ltr'><strong><em>ἀργυρίων</em></strong></span> 
     </span>
     <span class='ocr_line' id='line_1_24' title="bbox 150 2216 1847 2287; baseline 0.002 -19"><span class='ocrx_word' id='word_1_191' title='bbox 150 2220 374 2269; x_wconf 87' lang='grc' dir='ltr'><strong><em>πολλῶν</em></strong></span> <span class='ocrx_word' id='word_1_192' title='bbox 412 2218 832 2284; x_wconf 84' lang='grc' dir='ltr'><strong><em>κατακτώμενοι.</em></strong></span> <span class='ocrx_word' id='word_1_193' title='bbox 879 2218 1074 2287; x_wconf 79' lang='grc' dir='ltr'><strong><em>ἤρκεσε</em></strong></span> <span class='ocrx_word' id='word_1_194' title='bbox 1112 2219 1215 2287; x_wconf 84' lang='grc' dir='ltr'><strong><em>γὰρ</em></strong></span> <span class='ocrx_word' id='word_1_195' title='bbox 1259 2216 1382 2271; x_wconf 86' lang='grc' dir='ltr'><strong><em>ἀντὶ</em></strong></span> <span class='ocrx_word' id='word_1_196' title='bbox 1430 2227 1541 2271; x_wconf 89' lang='grc' dir='ltr'><strong><em>τῶν</em></strong></span> <span class='ocrx_word' id='word_1_197' title='bbox 1578 2221 1847 2287; x_wconf 83' lang='grc' dir='ltr'><strong><em>καταβλη-</em></strong></span> 
     </span>
     <span class='ocr_line' id='line_1_25' title="bbox 151 2303 1846 2376; baseline 0.001 -18"><span class='ocrx_word' id='word_1_198' title='bbox 151 2303 370 2358; x_wconf 87' lang='grc' dir='ltr'><strong><em>θέντων</em></strong></span> <span class='ocrx_word' id='word_1_199' title='bbox 415 2306 476 2358; x_wconf 92' lang='grc' dir='ltr'><strong><em>τὸ</em></strong></span> <span class='ocrx_word' id='word_1_200' title='bbox 523 2307 627 2374; x_wconf 77' lang='grc' dir='ltr'><strong><em>ἤδη</em></strong></span> <span class='ocrx_word' id='word_1_201' title='bbox 674 2304 894 2373; x_wconf 86' lang='grc' dir='ltr'><strong><em>κτηθέν.</em></strong></span> <span class='ocrx_word' id='word_1_202' title='bbox 954 2305 1114 2373; x_wconf 86' lang='grc' dir='ltr'><strong><em>κάμοὶ</em></strong></span> <span class='ocrx_word' id='word_1_203' title='bbox 1156 2304 1217 2359; x_wconf 70' lang='grc' dir='ltr'><strong><em>δὲ</em></strong></span> <span class='ocrx_word' id='word_1_204' title='bbox 1265 2307 1293 2361; x_wconf 92' lang='grc' dir='ltr'>ὁ</span> <span class='ocrx_word' id='word_1_205' title='bbox 1332 2308 1508 2376; x_wconf 84' lang='grc' dir='ltr'><strong><em>πατὴρ</em></strong></span> <span class='ocrx_word' id='word_1_206' title='bbox 1550 2307 1671 2360; x_wconf 82' lang='grc' dir='ltr'><strong><em>ἀντὶ</em></strong></span> <span class='ocrx_word' id='word_1_207' title='bbox 1709 2306 1846 2359; x_wconf 81' lang='grc' dir='ltr'><strong><em>πάν-</em></strong></span> 
     </span>
     <span class='ocr_line' id='line_1_26' title="bbox 150 2393 1909 2465; baseline 0.002 -19"><span class='ocrx_word' id='word_1_208' title='bbox 150 2413 263 2446; x_wconf 90' lang='grc' dir='ltr'><strong><em>των</em></strong></span> <span class='ocrx_word' id='word_1_209' title='bbox 300 2403 412 2447; x_wconf 91' lang='grc' dir='ltr'><strong><em>τῶν</em></strong></span> <span class='ocrx_word' id='word_1_210' title='bbox 452 2396 654 2462; x_wconf 84' lang='grc' dir='ltr'><strong><em>ὄντων,</em></strong></span> <span class='ocrx_word' id='word_1_211' title='bbox 701 2393 807 2447; x_wconf 78' lang='grc' dir='ltr'><strong><em>κᾶν</em></strong></span> <span class='ocrx_word' id='word_1_212' title='bbox 843 2395 1043 2464; x_wconf 84' lang='grc' dir='ltr'><strong><em>μικρὸν</em></strong></span> <span class='ocrx_word' id='word_1_213' title='bbox 1083 2400 1237 2465; x_wconf 78' lang='grc' dir='ltr'><strong><em>εἴπῃς</em></strong></span> <span class='ocrx_word' id='word_1_214' title='bbox 1283 2395 1387 2449; x_wconf 76' lang='grc' dir='ltr'><strong><em>κᾶν</em></strong></span> <span class='ocrx_word' id='word_1_215' title='bbox 1425 2395 1564 2464; x_wconf 85' lang='grc' dir='ltr'><strong><em>μέγα</em></strong></span> <span class='ocrx_word' id='word_1_216' title='bbox 1602 2395 1708 2449; x_wconf 76' lang='grc' dir='ltr'><strong><em>κᾶν</em></strong></span> <span class='ocrx_word' id='word_1_217' title='bbox 1746 2396 1843 2449; x_wconf 86' lang='grc' dir='ltr'><strong><em>αὐ-</em></strong></span> <span class='ocrx_word' id='word_1_218' title='bbox 1867 2418 1909 2450; x_wconf 76' lang='lat'><strong><em>25</em></strong></span> 
     </span>
     <span class='ocr_line' id='line_1_27' title="bbox 150 2480 1846 2553; baseline 0.002 -19"><span class='ocrx_word' id='word_1_219' title='bbox 150 2483 252 2550; x_wconf 82' lang='grc' dir='ltr'><strong><em>τὴν</em></strong></span> <span class='ocrx_word' id='word_1_220' title='bbox 296 2487 549 2552; x_wconf 83' lang='grc' dir='ltr'><strong><em>προσθῇς</em></strong></span> <span class='ocrx_word' id='word_1_221' title='bbox 587 2484 688 2551; x_wconf 85' lang='grc' dir='ltr'><strong><em>τὴν</em></strong></span> <span class='ocrx_word' id='word_1_222' title='bbox 727 2484 924 2551; x_wconf 84' lang='grc' dir='ltr'><strong><em>ψυχήν.</em></strong></span> <span class='ocrx_word' id='word_1_223' title='bbox 974 2485 1025 2536; x_wconf 81' lang='grc' dir='ltr'><strong><em>εἰ</em></strong></span> <span class='ocrx_word' id='word_1_224' title='bbox 1070 2480 1116 2536; x_wconf 90' lang='grc' dir='ltr'><strong><em>δ’</em></strong></span> <span class='ocrx_word' id='word_1_225' title='bbox 1163 2483 1467 2551; x_wconf 82' lang='grc' dir='ltr'><strong><em>ἠλάττωται</em></strong></span> <span class='ocrx_word' id='word_1_226' title='bbox 1520 2493 1616 2553; x_wconf 91' lang='grc' dir='ltr'><strong><em>τῆς</em></strong></span> <span class='ocrx_word' id='word_1_227' title='bbox 1662 2487 1846 2553; x_wconf 89' lang='grc' dir='ltr'><strong><em>χρείας</em></strong></span> 
     </span>
     <span class='ocr_line' id='line_1_28' title="bbox 151 2569 1843 2641; baseline 0.002 -18"><span class='ocrx_word' id='word_1_228' title='bbox 151 2571 413 2640; x_wconf 86' lang='grc' dir='ltr'><strong><em>σφοδρῶς</em></strong></span> <span class='ocrx_word' id='word_1_229' title='bbox 457 2569 771 2640; x_wconf 83' lang='grc' dir='ltr'><strong><em>ἐγκειμένης</em></strong></span> <span class='ocrx_word' id='word_1_230' title='bbox 817 2572 907 2624; x_wconf 81' lang='grc' dir='ltr'><strong><em>καὶ</em></strong></span> <span class='ocrx_word' id='word_1_231' title='bbox 962 2571 1321 2640; x_wconf 84' lang='grc' dir='ltr'><strong><em>ἀπαιτούσης,</em></strong></span> <span class='ocrx_word' id='word_1_232' title='bbox 1376 2576 1435 2625; x_wconf 90' lang='grc' dir='ltr'><strong><em>τί</em></strong></span> <span class='ocrx_word' id='word_1_233' title='bbox 1479 2575 1627 2641; x_wconf 81' lang='grc' dir='ltr'><strong><em>παρὰ</em></strong></span> <span class='ocrx_word' id='word_1_234' title='bbox 1679 2581 1843 2626; x_wconf 85' lang='grc' dir='ltr'><strong><em>τοῦτο</em></strong></span> 
     </span>
     <span class='ocr_line' id='line_1_29' title="bbox 154 2659 1846 2730; baseline 0.002 -19"><span class='ocrx_word' id='word_1_235' title='bbox 154 2659 364 2722; x_wconf 87' lang='grc' dir='ltr'><strong><em>δεινόν;</em></strong></span> <span class='ocrx_word' id='word_1_236' title='bbox 420 2660 486 2712; x_wconf 87' lang='grc' dir='ltr'><strong><em>οὐ</em></strong></span> <span class='ocrx_word' id='word_1_237' title='bbox 531 2660 730 2723; x_wconf 88' lang='grc' dir='ltr'><strong><em>πάντες</em></strong></span> <span class='ocrx_word' id='word_1_238' title='bbox 776 2660 1066 2729; x_wconf 78' lang='grc' dir='ltr'><strong><em>ἄνθρωποι</em></strong></span> <span class='ocrx_word' id='word_1_239' title='bbox 1114 2662 1207 2713; x_wconf 83' lang='grc' dir='ltr'><strong><em>διὰ</em></strong></span> <span class='ocrx_word' id='word_1_240' title='bbox 1251 2661 1352 2730; x_wconf 82' lang='grc' dir='ltr'><strong><em>τὴν</em></strong></span> <span class='ocrx_word' id='word_1_241' title='bbox 1400 2661 1646 2730; x_wconf 87' lang='grc' dir='ltr'><strong><em>ἀνάγκην</em></strong></span> <span class='ocrx_word' id='word_1_242' title='bbox 1685 2671 1846 2730; x_wconf 84' lang='grc' dir='ltr'><strong><em>σφῶν</em></strong></span> 
     </span>
     <span class='ocr_line' id='line_1_30' title="bbox 151 2745 1843 2819; baseline 0.002 -20"><span class='ocrx_word' id='word_1_243' title='bbox 151 2745 243 2799; x_wconf 81' lang='grc' dir='ltr'><strong><em>καὶ</em></strong></span> <span class='ocrx_word' id='word_1_244' title='bbox 282 2749 527 2816; x_wconf 86' lang='grc' dir='ltr'><strong><em>χρήματα</em></strong></span> <span class='ocrx_word' id='word_1_245' title='bbox 565 2749 654 2801; x_wconf 83' lang='grc' dir='ltr'><strong><em>καὶ</em></strong></span> <span class='ocrx_word' id='word_1_246' title='bbox 693 2756 804 2801; x_wconf 86' lang='grc' dir='ltr'><strong><em>πᾶν</em></strong></span> <span class='ocrx_word' id='word_1_247' title='bbox 844 2749 975 2801; x_wconf 81' lang='grc' dir='ltr'><strong><em>ἄλλο</em></strong></span> <span class='ocrx_word' id='word_1_248' title='bbox 1015 2752 1356 2819; x_wconf 85' lang='grc' dir='ltr'><strong><em>πορίζονται;</em></strong></span> <span class='ocrx_word' id='word_1_249' title='bbox 1411 2749 1442 2818; x_wconf 78' lang='grc' dir='ltr'><em>ἢ</em></span> <span class='ocrx_word' id='word_1_250' title='bbox 1482 2753 1632 2813; x_wconf 90' lang='grc' dir='ltr'><strong><em>τίνος</em></strong></span> <span class='ocrx_word' id='word_1_251' title='bbox 1672 2751 1843 2802; x_wconf 79' lang='grc' dir='ltr'><strong><em>ἄλλου</em></strong></span> 
     </span>
    </p>
   </div>
   <div class='ocr_carea' id='block_1_3' title="bbox 149 2865 504 2872">
    <p class='ocr_par' dir='ltr' id='par_1_3' title="bbox 149 2865 504 2872">
     <span class='ocr_line' id='line_1_31' title="bbox 149 2865 504 2872; baseline 0 296"><span class='ocrx_word' id='word_1_252' title='bbox 149 2865 504 2872; x_wconf 95' lang='lat' dir='ltr'><strong><em> </em></strong></span> 
     </span>
    </p>
   </div>
   <div class='ocr_carea' id='block_1_4' title="bbox 239 2938 1487 3056">
    <p class='ocr_par' dir='ltr' id='par_1_4' title="bbox 239 2938 1487 3056">
     <span class='ocr_line' id='line_1_32' title="bbox 271 2938 1021 2995; baseline 0.004 -15"><span class='ocrx_word' id='word_1_253' title='bbox 271 2941 296 2980; x_wconf 82' lang='lat'><strong>3</strong></span> <span class='ocrx_word' id='word_1_254' title='bbox 330 2939 550 2994; x_wconf 86' lang='grc' dir='ltr'><strong><em>μηδαμῶς</em></strong></span> <span class='ocrx_word' id='word_1_255' title='bbox 582 2938 625 2980; x_wconf 89' lang='lat' dir='ltr'><strong><em>V</em></strong></span> <span class='ocrx_word' id='word_1_256' title='bbox 741 2943 795 2982; x_wconf 80' lang='lat'><strong><em>22</em></strong></span> <span class='ocrx_word' id='word_1_257' title='bbox 828 2938 940 2995; x_wconf 81' lang='grc' dir='ltr'><strong><em>τύχη</em></strong></span> <span class='ocrx_word' id='word_1_258' title='bbox 978 2940 1021 2983; x_wconf 89' lang='lat' dir='ltr'><em>V</em></span> 
     </span>
     <span class='ocr_line' id='line_1_33' title="bbox 239 3017 1487 3056; baseline 0.006 -7"><span class='ocrx_word' id='word_1_259' title='bbox 239 3017 866 3053; x_wconf 62' lang='lat' dir='ltr'>metused.Foerster.V11.</span> <span class='ocrx_word' id='word_1_260' title='bbox 1437 3018 1487 3056; x_wconf 89' lang='lat'><strong><em>11</em></strong></span> 
     </span>
    </p>
   </div>
  </div>
 </body>
</html>
