2020 3146
108 133 300 178 AVARI
332 133 409 178 OB
433 131 768 178 TALENTUM
792 133 1166 178 AESCULAPIO
1191 134 1406 179 VOTUM
1431 134 1624 179 ABDIC.
1695 135 1800 188 133

106 272 239 334 δοὺς
277 277 351 342 τῷ
391 275 505 342 θεῷ
538 271 599 323 τὸ
639 270 910 323 τάλαντον
948 277 1114 323 τοῦτο
1155 269 1247 339 ἐμὲ
1280 267 1382 337 μὲν
1420 278 1520 323 τοῦ
1552 273 1698 339 βίου,
1739 270 1799 324 σὲ

106 356 166 412 δὲ
203 366 300 428 τῆς
338 360 515 422 οἰκίας
553 358 842 428 ἀπείργεις.

217 448 302 500 32.
341 449 440 516 Μὴ
496 444 599 501 οὖν
653 446 726 510 ὡς
779 447 947 501 οὐδὲν
1000 448 1078 510 εἰς
1131 446 1312 517 μέθην
1366 447 1646 516 ἀνήλωταί
1694 463 1799 518 σοι,

105 544 276 590 ταῦτα
323 544 430 590 νῦν
474 539 734 607 πρόφερε.
789 533 922 589 οὐδὲ
967 537 1074 607 γὰρ
1120 535 1245 607 περὶ
1293 537 1497 590 τούτου
1552 538 1800 591 δικάσειν

106 622 261 680 οὗτοι
302 626 775 694 συνεληλύθασιν,
823 622 955 679 οὐδὲ
994 633 1158 679 τοῦτο
1199 623 1350 679 ἔστιν
1390 625 1419 678 ὃ
1459 625 1798 696 ἐγκαλοῦμεν
1821 655 1825 659 ·
1846 648 1867 681 5

104 715 273 783 ἡμεῖς,
314 711 430 768 ἀλλ’
476 714 509 782 ἢ
542 714 727 778 δεῖξον
767 714 851 767 ὅτι
890 735 985 784 μοι
1024 716 1090 767 τὰ
1121 715 1257 768 κατὰ
1291 715 1297 784 Ι
1332 715 1430 768 τὸν
1462 711 1619 768 οἶκον
1664 719 1888 765 RIV664
1953 745 1963 750 ν

104 800 339 873 ἔρρωται
376 802 410 870 ἢ
450 804 611 871 δίκην
646 803 826 872 ὕπεχε.
874 801 1007 856 οὐδὲ
1046 805 1151 874 γὰρ
1198 802 1324 873 περὶ
1363 805 1578 857 τούτων
1616 805 1798 857 αἰτιῶ-

103 911 200 961 μαι
232 894 484 961 τήμερον.
524 897 645 945 εἴθε
676 889 790 945 κατ’
831 891 966 961 ἐμοῦ
998 896 1227 961 μᾶλλον,
1268 890 1309 946 ὦ
1343 901 1458 961 παῖ,
1491 894 1586 955 τὰς
1617 901 1799 963 χεῖρας

104 979 321 1049 ὥρεξας.
383 981 589 1049 ἤνεγκα
644 981 715 1034 ἂν
770 982 871 1049 τὴν
923 982 1071 1048 παρὰ
1117 989 1221 1035 σοῦ
1267 984 1498 1051 πληγήν.
1560 981 1691 1035 νυνὶ
1738 982 1800 1035 δὲ

103 1070 311 1133 πάντας
350 1070 490 1139 ὁμοῦ
522 1074 811 1139 νενίκηκας
842 1073 972 1134 τοὺς
1003 1071 1112 1124 ὑπὸ
1145 1080 1258 1124 τῶν
1287 1070 1541 1140 πατέρων
1574 1070 1799 1141 κριθέν-
1824 1092 1868 1125 1ο

101 1178 198 1222 τας
242 1161 528 1228 πρότερον.
599 1159 684 1213 33.
733 1158 918 1223 οὐδεὶς
973 1159 1116 1213 οὕτω
1170 1162 1507 1230 πατραλοίας
1560 1160 1799 1230 εὕρηται.

104 1248 171 1301 οὐ
211 1249 316 1319 γὰρ
356 1250 434 1311 εἰς
472 1250 534 1302 τὸ
576 1257 729 1318 σῶμα
768 1251 870 1318 τὴν
908 1251 1125 1318 πληγὴν
1171 1247 1454 1318 ἐδεξάμην,
1502 1252 1580 1313 εἰς
1626 1250 1800 1319 αὐτὴν

102 1338 205 1406 τὴν
242 1340 478 1406 καρδίαν
515 1339 577 1391 τὸ
617 1337 779 1406 βέλος
816 1335 936 1407 ἔχω.
982 1340 1114 1401 τοὺς
1152 1338 1254 1405 μὲν
1292 1339 1397 1407 γὰρ
1437 1339 1640 1401 ἄλλους
1678 1339 1800 1392 ὅσοι

101 1436 214 1479 τῶν
244 1427 460 1479 παίδων
491 1425 763 1491 ἐπάταξαν
793 1426 908 1480 κατ’
941 1426 1154 1480 ἐκεῖνον
1185 1429 1285 1481 τὸν
1317 1429 1522 1497 χρόνον
1555 1427 1800 1481 ἐλύπουν

101 1512 229 1568 καθ’
277 1516 342 1570 ὃν
382 1515 642 1585 ἐτόλμων,
682 1514 788 1584 ἐγὼ
830 1513 890 1569 δὲ
929 1516 1258 1578 τοσαυτάκις
1296 1516 1568 1586 βάλλομαι
1608 1516 1799 1580 ὁσάκις
1822 1537 1866 1571 15

103 1604 408 1672 ἐνθυμηθῶ
449 1605 510 1657 τὸ
558 1605 843 1658 τάλαντον.
907 1605 994 1658 34.
1035 1598 1134 1658 εἶτ’
1177 1602 1257 1658 ἔτι
1296 1606 1660 1674 μνημονεύεις
1704 1607 1798 1659 κύ-

101 1697 218 1763 βων
252 1715 286 1764 η
317 1693 492 1764 μέθης
523 1693 556 1762 ἢ
589 1703 804 1763 τρυφῆς
844 1694 987 1747 οὕτω
1028 1695 1127 1747 τὸν
1165 1693 1372 1763 πατέρα
1413 1695 1652 1760 διαθείς;
1693 1693 1798 1763 ἐγὼ

93 1778 203 1850 μὲν
242 1784 348 1891 γὰρ
386 1784 490 1852 ἤδη
530 1783 619 1836 καὶ
659 1781 989 1851 τεθνηκέναι
1038 1784 1210 1852 δοκῶ,
1257 1782 1347 1835 καὶ
1395 1784 1500 1852 γὰρ
1547 1782 1656 1836 ὑπὸ
1703 1803 1799 1852 της

102 1871 260 1934 ἀνίας
292 1871 528 1941 οίχομαι,
567 1873 723 1941 ὑμεῖς
756 1869 817 1925 δε
845 1872 1016 1925 ταύτὰ
1039 1873 1215 1944 τούτῳ
1241 1874 1288 1925 εἰ
1312 1879 1420 1925 νῦν
1444 1870 1798 1941 ἀποδέξεσθε,

101 1962 404 2031 βαρύτεροί
444 1980 537 2028 μοι
583 1969 678 2030 τῆς
726 1962 911 2029 ζημίας
956 1963 1275 2030 γενήσεσθε.
1338 1959 1438 2029 ὑφ’
1488 1961 1647 2029 ὑμῶν
1692 1962 1797 2031 γὰρ
1823 1983 1866 2015 20

101 2053 312 2119 μᾶλλον
350 2048 384 2117 ἢ
422 2050 624 2103 τούτου
663 2051 929 2119 κείσομαι.

223 2186 246 2224 1
281 2179 328 2225 σὲ
361 2180 526 2237 scripsi
558 2194 614 2223 ex
638 2182 695 2224 Η
699 2181 894 2226 VVaLa
927 2182 975 2225 eb
1005 2198 1060 2249 γρ
1092 2181 1142 2224 in
1172 2194 1308 2255 marg
1331 2180 1433 2224 Mor
1495 2180 1666 2225 σαυτὸν
1693 2181 1798 2224 ΜΒ

102 2240 193 2284 edd
315 2245 340 2283 2
373 2238 583 2296 ἀπείργει
609 2241 663 2284 H
669 2240 785 2284 VLa
919 2245 944 2283 3
978 2239 1038 2296 μὴ
1072 2237 1156 2285 οὖν
1189 2241 1251 2291 ὡς
1281 2240 1331 2283 in
1361 2254 1436 2283 ras
1469 2239 1563 2284 Va'
1683 2244 1710 2282 4
1742 2240 1798 2284 οὐ

101 2301 147 2344 Β
279 2304 302 2341 7
338 2299 563 2354 ἔρρωνται
587 2299 632 2342 Β
682 2301 689 2355 Ι
739 2299 900 2358 ὑπέχει
924 2300 1000 2343 La
1135 2303 1162 2343 8
1196 2298 1395 2357 σήμερον
1420 2300 1497 2344 La
1634 2303 1658 2341 9
1691 2299 1799 2353 περὶ

102 2366 186 2403 σοῦ
217 2359 288 2402 Va
348 2365 595 2413 παροῦσαν
619 2359 696 2403 La
833 2363 888 2403 10
920 2366 1012 2404 τῶν
1044 2373 1119 2402 om
1145 2359 1207 2401 M
1336 2363 1390 2402 12
1423 2358 1483 2414 μὴ
1509 2359 1556 2403 Β
1617 2358 1696 2402 καὶ
1730 2359 1800 2402 Va

107 2419 110 2475 ἶ
146 2417 294 2474 αὐτὴν
327 2431 403 2461 om
426 2418 502 2461 La
624 2423 678 2461 13
712 2417 799 2474 γὰρ
832 2418 1007 2462 inserui
1040 2431 1064 2462 e
1089 2419 1213 2462 LaB
1276 2432 1350 2462 om
1375 2418 1616 2462 HVMVa
1647 2417 1739 2461 edd

102 2477 330 2533 scriptura
360 2477 410 2520 in
438 2477 498 2521 Cr
527 2476 707 2521 incerta
831 2483 883 2520 16
919 2475 1002 2521 εἰτ’
1040 2478 1082 2520 V
1120 2480 1126 2532 1
1169 2477 1315 2535 κύβου
1350 2478 1418 2522 Va
1541 2482 1595 2520 17
1629 2476 1716 2533 ἐγὼ
1742 2502 1797 2508 -

104 2540 157 2580 19
191 2535 373 2594 οἴχομαι
409 2537 470 2579 ad
501 2549 658 2580 versus
684 2536 952 2581 comoediae
975 2537 1160 2580 Atticae
1187 2536 1273 2593 ἐγὼ
1299 2535 1382 2592 μὲν
1407 2534 1496 2592 ἤδη
1525 2537 1606 2579 καὶ
1630 2539 1799 2591 τεθνη-

101 2595 233 2639 κέναι
265 2597 387 2639 δοκῶ
416 2598 422 2650 Ι
451 2595 542 2639 ὑπὸ
572 2602 653 2652 τῆς
683 2594 725 2639 τ’
762 2593 899 2646 ἀνίας
931 2595 1117 2653 οἴχομαι
1151 2595 1401 2640 revocabat
1433 2594 1637 2639 Kockius
1670 2593 1794 2639 Com.

100 2654 359 2698 At1÷.fr.111
381 2658 466 2698 663
590 2659 644 2698 18
685 2654 772 2711 γὰρ
798 2655 974 2699 inserui
998 2668 1023 2698 e
1043 2655 1362 2700 C'rHVVaLa
1423 2667 1498 2698 om
1524 2655 1630 2698 MR
1663 2654 1753 2697 edd

100 2713 190 2781 γὰρ
221 2713 397 2758 inserui
428 2727 454 2758 e
480 2714 720 2759 GrHVLa
796 2727 872 2758 om
899 2715 955 2759 M
966 2714 1084 2758 VaB
1116 2714 1207 2758 edd
1353 2717 1407 2757 19
1445 2720 1592 2757 ταῦτα
1618 2715 1681 2757 Μ
1715 2726 1763 2756 se

0 2821 5 2833 f
100 2772 150 2815 in
179 2772 326 2817 ταυτα
358 2786 460 2816 corr
489 2787 533 2830 y,
567 2773 643 2817 La
672 2773 783 2816 Ferr
816 2776 862 2816 et
893 2790 948 2830 γρ
980 2773 1031 2816 111
1061 2787 1194 2830 marg
1225 2771 1328 2816 Mor
1367 2775 1373 2829 Ι
1416 2773 1600 2830 „malim
1630 2771 1797 2816 τούτου

0 2861 3 2877 1
99 2831 219 2875 hanc
249 2831 388 2875 huius
418 2831 513 2875 mei
543 2831 629 2875 filii
661 2832 947 2876 orationem“
982 2832 1051 2876 Re
1100 2835 1107 2889 Ι
1157 2831 1199 2877 εἰ
1230 2845 1305 2876 om
1331 2807 1436 2876 La„
1449 2832 1454 2889 Ι
1497 2829 1794 2883 ἀποδέξασθε

0 2882 5 2914 ³
102 2890 178 2934 La
253 2888 547 2944 ὑποδέξασθε
581 2893 649 2936 Va
681 2891 762 2935 sed
796 2894 860 2935 σθ
899 2891 948 2935 111
979 2904 1055 2934 ras
1086 2891 1157 2934 m²
1301 2894 1358 2935 20
1398 2889 1656 2949 βαρύτερόν
1687 2889 1800 2949 Fen·

0 2954 4 3011 j
107 2949 112 3006 l
148 2965 225 3006 μοι
250 2951 325 2994 La
357 2950 439 2993 sed
471 2967 487 2993 ι
519 2964 575 2993 ex
605 2967 634 2993 v
667 2964 769 2994 corr
799 2964 876 2994 ras

0 3032 5 3059 Ι

0 3102 7 3146 ἱ
