2014 3158
221 108 328 160 702
710 108 941 152 LIBANII
969 107 1361 154 DECLAMATIO
1393 109 1429 152 L

220 249 306 297 sed
337 250 489 297 etiam
521 265 579 297 ex
612 264 634 296 e
664 249 973 297 transierunt
1003 251 1054 296 et
1084 247 1134 295 A
1167 249 1319 297 etiam
1350 249 1453 297 vim
1486 249 1666 298 codicis
1697 253 1723 311 f
1752 267 1918 312 exper-

220 325 304 371 tus
337 326 426 371 est.

331 397 427 444 Hic
453 412 648 459 quoque
679 398 731 444 in
762 397 1050 444 universum
1076 396 1292 458 quidem,
1323 398 1419 445 etsi
1442 398 1570 445 Mon
1599 398 1773 446 multis
1796 399 1921 448 locis

219 471 382 519 labem
415 471 684 531 contraxit,
720 471 939 533 pretium
976 470 1158 533 prioris
1197 471 1420 519 familiae
1460 473 1611 534 paulo
1650 474 1812 521 maius
1843 475 1920 521 est

222 561 374 607 quam
405 545 627 594 alterius.

333 619 640 667 Testimonia
664 635 764 667 non
787 621 983 667 exstant
1006 618 1371 667 nisiMaearii
1390 614 1917 687 Chrysocephalil)

221 695 308 755 qui
340 693 559 755 quinque
590 694 723 742 locos
755 693 995 741 laudavit.

332 767 604 830 Postquam
640 768 846 816 titulum
891 767 1191 829 initiumque
1231 767 1607 816 declamationis
1647 767 1918 818 Allatius

220 843 273 889 in
296 842 607 904 praefatione
631 842 987 903 Excerptorum
1013 841 1297 903 Variorum,
1321 842 1508 890 Romae
1531 841 1788 890 MDGXLI
1810 859 1857 905 p.
1883 845 1918 892 4

222 932 248 963 e
280 915 446 964 codice
481 915 752 964 Barberino
782 915 996 977 protulit
1025 915 1527 978 Villoisonusque
1559 915 1742 964 Anecd.
1766 916 1818 964 II
1850 919 1916 965 11

222 1005 436 1052 eumque
484 992 654 1038 secuta
692 990 896 1038 Reiskia
933 988 1042 1037 Lib.
1075 991 1110 1038 t.
1136 989 1161 1036 I
1199 1006 1246 1051 p.
1270 989 1408 1037 XXV
1450 991 1668 1052 quinque
1714 991 1848 1039 locos
1888 1007 1919 1039 a

219 1064 440 1112 Macario
471 1065 703 1113 laudatos
734 1063 921 1127 publici
951 1063 1075 1111 iuris
1107 1065 1350 1126 fecerunt⁷
1395 1064 1690 1112 declamatio
1721 1066 1919 1129 integra

219 1140 281 1185 ut
312 1153 341 1185 a
372 1138 621 1186 Reiskia
651 1139 705 1186 in
734 1153 881 1186 usum
911 1138 1082 1186 mariti
1114 1154 1139 1184 e
1164 1138 1330 1187 codice
1354 1138 1639 1186 Monacensi
1669 1139 1921 1201 descripta

222 1214 330 1260 erat
374 1213 428 1259 in
474 1212 674 1260 Libanii
717 1214 814 1261 vol.
845 1212 918 1259 IV
964 1229 1011 1274 p.
1047 1213 1353 1261 841—852
1389 1205 1613 1279 (=⁴Re)
1659 1212 1712 1259 in
1757 1214 1918 1261 lucem

219 1287 420 1348 prodiit.
453 1287 716 1335 Facillima
738 1288 938 1335 tantum
963 1302 1021 1334 ac
1043 1302 1104 1334 ne
1128 1287 1250 1334 haec
1267 1286 1466 1348 quidem
1491 1302 1683 1348 semper
1706 1288 1922 1335 feliciter

223 1362 444 1409 correcta
468 1366 598 1422 sunt,
627 1361 962 1423 interpunctio
989 1377 1106 1408 vero
1130 1360 1397 1408 falsissima
1422 1363 1472 1408 et
1494 1362 1719 1408 monstra
1748 1361 1917 1410 lectio·

221 1451 340 1482 num
373 1435 555 1483 codicis
585 1437 781 1483 retenta
812 1438 951 1495 sunt,
990 1437 1048 1483 ut
1084 1435 1336 1496 permulta
1366 1451 1428 1482 ne
1460 1435 1688 1499 intellegi
1721 1435 1919 1497 quidem

223 1511 421 1570 queant.
469 1509 634 1557 Pauca
666 1526 723 1557 ex
753 1509 846 1557 hoc
877 1508 1043 1557 codice
1076 1509 1235 1557 denuo
1260 1509 1443 1557 collato
1475 1509 1686 1557 correxit
1707 1509 1794 1557 Fr.
1826 1509 1917 1556 Ia-

223 1582 485 1644 cobsius‚
525 1599 583 1630 ex
613 1583 814 1647 ingenio
845 1583 1063 1645 plurima
1092 1583 1225 1631 idem
1263 1598 1374 1631 cum
1415 1583 1537 1631 alibi
1566 1585 1676 1631 tum
1708 1579 1914 1632 ‘Lectio-

222 1653 375 1704 num'
393 1656 523 1706 libro
556 1651 651 1724 (=
676 1651 822 1724 Lect)
852 1659 902 1704 et
934 1652 1103 1706 ‘Brevi
1136 1657 1456 1706 annotatione
1489 1657 1552 1706 ad
1586 1657 1805 1719 quinque
1835 1656 1916 1704 Li-

223 1730 361 1779 banii
377 1728 795 1780 Declamationes'
815 1731 1077 1780 annalibus
1103 1747 1229 1793 quae
1253 1731 1594 1780 inscribuntur
1608 1731 1917 1795 Allgemeine

224 1803 584 1869 Schulzeitung
619 1807 758 1855 1832
798 1805 915 1854 Abt.
947 1805 1001 1853 H
1038 1806 1124 1853 Nr.
1161 1806 1191 1853 8
1237 1806 1327 1854 col.
1362 1807 1577 1854 61—63
1621 1799 1715 1872 (=
1742 1799 1917 1871 Schul)

222 1880 412 1927 inserta
461 1882 610 1942 atque
659 1878 907 1929 Carolus
956 1873 1304 1944 Sintenis2),
1359 1880 1597 1927 nonnulla
1645 1877 1916 1928 Cobetus.

225 1952 322 2000 Sed
359 1954 441 2002 vel
480 1955 550 2002 sic
587 1955 730 2017 larga
771 1954 943 2003 messis
984 1953 1319 2002 emendationi
1355 1954 1532 2002 relicta
1575 1953 1920 2015 imprimisque.

225 2027 373 2075 alteri
405 2028 628 2076 codicum
658 2028 881 2076 familiae
912 2028 990 2076 ius
1021 2044 1165 2075 suum
1195 2027 1497 2076 reddendum
1529 2030 1647 2076 erat.

346 2170 389 2224 l)
422 2168 487 2213 Cf.
521 2171 555 2212 t.
578 2169 601 2212 I
629 2183 675 2225 p.
701 2173 784 2213 351
804 2183 870 2225 sq.

345 2230 389 2285 2)
423 2226 489 2272 Of.
523 2229 557 2272 t.
581 2228 602 2270 I
632 2243 677 2284 p.
705 2232 774 2272 78.
