2044 3168
205 626 224 660 5

248 114 357 167 360
693 112 959 171 [LIBANII]
992 112 1382 158 DECLAMATIO
1415 113 1493 156 XL

249 269 349 303 ται.
397 249 498 302 οὐκ
537 248 852 318 ἀφαιρεῖται
901 250 962 302 τὸ
1011 250 1192 318 φόνον
1239 245 1381 302 εἶναι
1427 249 1487 301 τὸ
1535 257 1757 319 πρᾶγμα
1802 251 1936 303 ἄλλο

247 359 300 391 τι
339 338 371 408 ἢ
411 338 494 391 ὅτι
536 339 759 400 δικαίως
798 339 1120 407 ἠγώνισμαι.
1172 338 1254 391 71.
1295 340 1346 391 εἰ
1383 335 1443 391 δὲ
1475 346 1723 401 τοιοῦτος
1754 338 1783 393 ὁ
1815 341 1936 409 τρό-

247 446 366 496 πος,
406 425 526 480 οὐδ’
569 427 815 490 εὐθύνας
853 426 941 481 ἐπὶ
979 428 1254 498 τοιούτοις
1293 427 1542 480 ἀπαιτεῖν
1583 427 1827 496 εὔλογον.
1868 427 1935 480 οὐ

247 517 500 586 καθαρὸν
553 518 783 585 πολίτην
835 515 1143 585 ἀφειλόμην
1189 524 1283 585 τῆς
1330 518 1560 585 πόλεως,
1608 515 1724 570 ἀλλ’
1779 517 1938 586 ὑβρι-

250 609 409 675 στήν,
457 605 593 659 ἀλλὰ
639 607 856 675 μοιχόν,
897 604 1038 674 ἀλλ’,
1079 607 1125 658 εἰ
1167 597 1287 658 οἷόν
1326 602 1370 658 τ’
1417 602 1510 674 ἦν,
1549 606 1640 659 καὶ
1677 606 1938 669 πολλάκις

160 700 281 744 RIV
298 705 383 744 608
432 693 738 748 ἀπολέσθαι
778 695 1010 748 δίκαιον.
1047 695 1052 762 Ι
1089 687 1172 757 οἷς
1216 692 1319 762 μὲν
1364 696 1468 763 γὰρ
1515 695 1692 763 ἠδίκει
1730 712 1939 748 πεπτω-

186 1074 229 1107 10

189 1520 231 1552 15

192 1966 235 1998 20

249 785 356 847 κὼς
403 784 504 836 οὐκ
553 785 830 853 ἠδίκηται,
878 777 960 847 οἷς
1007 782 1054 837 δ’
1103 783 1261 847 ἀξίαν
1307 782 1521 853 ἐδέχετο
1575 785 1676 853 τὴν
1722 785 1940 852 πληγὴν

251 872 367 926 οὐδ’
415 873 446 941 ἡ
487 875 645 936 πόλις
681 875 1127 942 προσεξημίωται.
1191 873 1274 925 72.
1315 871 1482 942 ἐχρῆν
1522 871 1594 941 δ’,
1635 867 1810 942 οἶμαι,
1849 870 1939 926 καὶ

250 965 378 1025 τοὺς
425 961 478 1026 ἐξ
524 961 848 1030 Ἀσκληπιοῦ
902 971 1013 1015 τῶν
1067 962 1333 1032 σωμάτων
1384 961 1711 1015 ἀποκόπτειν
1766 961 1941 1015 ὁπόσα

253 1050 343 1104 καὶ
384 1050 582 1120 σέσηπε
619 1050 711 1104 καὶ
758 1051 857 1104 τὸν
903 1054 1225 1120 φυτηκόμον
1271 1050 1511 1113 ὁπόσους
1557 1050 1627 1103 ἄν
1667 1051 1941 1119 φωράσειε

251 1150 363 1194 τῶν
409 1140 627 1194 κλάδων
675 1139 1131 1209 ἀποθνήσκοντας
1177 1139 1268 1194 καὶ
1315 1143 1445 1203 τοὺς
1491 1139 1724 1209 πατέρας
1775 1137 1942 1194 οὐδὲν

252 1225 416 1298 ἦττον
455 1237 554 1283 τοῦ
595 1228 793 1298 γένους
831 1227 1184 1299 ἐκκαθαίρειν
1229 1232 1291 1283 τὸ
1328 1215 1584 1299 ἄκοσμον
1627 1230 1693 1283 οὐ
1733 1233 1943 1298 μᾶλλον

253 1316 391 1389 ὑπὲρ
433 1319 615 1372 αὑτῶν
654 1327 816 1372 τοῦτο
864 1318 1292 1388 μηχανωμένους
1341 1321 1473 1389 ἤπερ
1521 1326 1616 1387 τῆς
1660 1320 1871 1381 πόλεως
1909 1318 1942 1387 ἢ

253 1409 485 1470 τούτους
540 1406 829 1476 ἐθρέψατο.
883 1409 945 1461 τὸ
995 1408 1097 1478 γὰρ
1145 1408 1323 1478 ἄνδρα
1367 1409 1615 1478 πονηρὸν
1662 1407 1945 1472 ἐξελέσθαι

255 1499 464 1558 πόλεως
521 1502 644 1550 ἴσον
697 1503 772 1569 τῷ
833 1495 923 1550 καὶ
978 1495 1140 1564 μέλος
1194 1497 1500 1566 διεφθορὸς
1562 1497 1807 1564 σώματος
1861 1494 1944 1549 ἐκ-

254 1595 450 1655 τεμεῖν.

370 1675 454 1728 73.
492 1673 626 1729 Ἀλλ’
675 1674 920 1728 ἐνταῦθα
957 1675 1060 1743 μὲν
1099 1672 1267 1729 οὐδὲν
1306 1677 1493 1745 ἔχουσι
1537 1674 1717 1744 λέγειν
1756 1676 1814 1728 οἱ
1847 1694 1947 1742 μη-

258 1761 355 1816 δὲν
408 1760 572 1832 ἧττον
625 1773 720 1834 τῆς
773 1765 938 1834 τύχης
985 1763 1333 1833 ἐμπηδῶντες
1378 1765 1510 1834 ἡμῖν
1553 1759 1732 1832 οὗτοι,
1786 1764 1846 1816 τὸ
1887 1762 1947 1816 δ’

259 1853 342 1906 ὅτι
382 1854 453 1922 μὴ
492 1854 898 1920 κοινωσάμενος
937 1861 1010 1926 τῷ
1046 1855 1199 1926 δήμῳ
1238 1855 1341 1921 τὴν
1380 1854 1606 1922 γνώμην
1653 1852 1946 1922 ἐπλήρουν,

259 1950 422 1995 τοῦτο
464 1939 524 1995 δὲ
570 1951 789 2012 γραφῆς
834 1953 1096 2012 τιμῶνται
1141 1940 1232 1996 καὶ
1283 1943 1453 2011 δίκης.
1509 1942 1614 2011 ἐγὼ
1657 1939 1707 1994 δ’
1752 1942 1800 1994 εἰ
1846 1937 1947 2010 μὲν

259 2030 415 2102 ᾔδειν
454 2030 643 2100 ἕτερόν
681 2052 733 2085 τι
772 2033 870 2085 τὸν
911 2033 1089 2101 δῆμον
1126 2032 1252 2100 περὶ
1299 2041 1410 2085 τῶν
1456 2031 1602 2099 ἐμῶν
1648 2031 1947 2100 βουλευσό-

382 2198 435 2236 10
469 2207 535 2249 sq.
569 2191 669 2236 Ael.
702 2205 795 2236 var.
829 2193 937 2237 hist.
963 2192 1065 2236 134
1188 2197 1242 2237 18
1276 2191 1431 2249 Sopat.
1465 2191 1494 2235 1.
1520 2191 1548 2234 l.
1580 2207 1624 2248 p.
1654 2196 1754 2247 231,
1773 2195 1828 2236 20

382 2346 404 2383 1
439 2340 561 2397 τὸ(1)
590 2340 753 2396 scripsi
786 2354 810 2384 e
836 2342 1116 2386 PaMaViB
1130 2343 1196 2386 Va
1226 2342 1281 2384 ut
1313 2340 1416 2384 coni
1449 2340 1515 2383 Re
1575 2339 1658 2383 τὸν
1682 2340 1782 2390 Lol
1813 2339 1903 2383 edd
1938 2339 1946 2398 Ι

263 2399 371 2444 ἄλλο
403 2416 446 2443 τι
478 2397 506 2455 ἢ
539 2399 626 2474 ὅτι]
660 2397 758 2444 ἀλλ’
796 2399 865 2444 ὅτι
893 2402 1151 2445 ΜαΟἰῘῙίΒ
1166 2402 1231 2446 Va.
1375 2404 1400 2442 2
1441 2395 1634 2450 δικαίως
1672 2398 1948 2456 ἠγώνισμαι]

263 2458 444 2509 δίκαιος
476 2460 757 2515 ἀγωνιζομαι
785 2461 872 2503 Ma
904 2460 985 2503 sed
1017 2477 1071 2516 γρ
1104 2457 1295 2510 δικαίως
1327 2459 1583 2515 ἠγώνισμαι
1622 2459 1671 2501 in
1703 2471 1836 2514 marg
1865 2457 1950 2511 ω’,

267 2518 318 2562 ΟΖ
330 2519 431 2562 ViB
443 2520 511 2562 Va
617 2523 642 2561 5
670 2515 767 2568 οἷός
789 2515 832 2561 τ’
858 2518 924 2561 Re
1032 2523 1056 2562 9
1083 2520 1269 2572 „malim
1293 2515 1441 2562 ὁπόσα
1465 2518 1784 2573 κατασέσηπε“
1808 2517 1876 2561 Re
1901 2518 1951 2560 ab

265 2577 321 2620 cf.
355 2592 399 2633 p.
426 2583 526 2630 319,
546 2581 570 2619 6
718 2582 771 2620 10
811 2574 1013 2627 ὁπόσους
1039 2580 1127 2622 Ma
1159 2578 1239 2622 sed
1273 2577 1409 2628 όσους
1443 2577 1490 2619 in
1522 2591 1597 2620 ras
1629 2576 1699 2619 m³
1776 2573 1950 2627 ὁπόσας

268 2637 320 2681 Ol
380 2635 528 2680 ὁπόσα
554 2638 680 2681 BVa
707 2637 712 2692 1
742 2636 959 2692 φωράσαι
984 2637 1109 2681 BVa
1232 2642 1284 2680 11
1319 2635 1683 2691 ἀποθνήσκοντα
1708 2636 1833 2679 BVa

269 2700 321 2738 13
355 2696 508 2739 αὑτῶν
548 2695 713 2751 scripsi
745 2709 768 2738 e
796 2696 852 2739 Vi
913 2697 1066 2740 αὐτῶν
1097 2695 1267 2751 reliqui
1297 2695 1406 2739 libri
1432 2695 1523 2738 edd
1648 2698 1699 2738 15
1733 2690 1835 2738 ἶσον
1863 2695 1951 2738 Μα

268 2755 433 2798 ClViB
446 2756 513 2798 Va
539 2755 545 2812 1
573 2751 624 2798 τὸ
649 2756 774 2798 BVa
896 2759 950 2798 18
987 2755 1092 2810 ἡμῖν
1118 2755 1410 2811 ἐμπηδῶντες
1436 2755 1580 2798 ΜαΟΖ
1591 2755 1648 2797 Vi
1682 2755 1687 2809 Ι
1731 2753 1810 2796 καὶ
1842 2754 1952 2796 ante

267 2809 395 2857 οὗτοι
429 2815 486 2858 Vi
607 2818 660 2856 19
693 2813 1035 2870 κοινωσάμενος
1059 2815 1223 2870 scripsi
1248 2827 1272 2857 e
1301 2813 1502 2858 MaViB
1515 2814 1580 2857 Va
1606 2811 1695 2856 coll
1726 2827 1772 2868 p.
1799 2816 1949 2865 361,8.

269 2872 426 2929 Sopat.
450 2871 480 2915 l.
506 2872 534 2915 l.
598 2872 999 2929 κοινωνησάμενος
1014 2874 1190 2918 LPaG'l
1214 2873 1304 2916 edd
1426 2875 1481 2917 20
1504 2877 1587 2917 τοῦ
1605 2871 1663 2917 Vi
1783 2876 1836 2917 21
1869 2868 1951 2916 τὸν

270 2932 379 2993 ἐμὸν
407 2932 458 2981 Ol
490 2932 570 2975 sed
602 2932 650 2976 in
680 2939 772 2976 τῶν
805 2931 923 2993 ἐμῶν
956 2946 1056 2977 corr
1087 2932 1156 2980 112²
