2020 3146
274 96 623 143 OLEAGINAE
656 98 939 144 CORONAE
972 95 1285 143 PETITORIS
1318 94 1642 140 ABDICATIO
1735 94 1807 146 89

115 254 306 297 νοντες
344 228 430 298 αἶς
467 254 534 303 με
573 237 692 288 τότε
732 237 994 303 λαβόντες
1034 233 1258 304 ᾤχοντο.
1321 235 1383 285 τί
1426 230 1809 300 καταμέμφῃ

114 323 229 376 τὸν
282 324 453 388 υίόν;
516 325 590 377 οὐ
644 324 881 394 μικρὸν
943 323 1342 392 στρατιώτης
1404 321 1661 389 ἀγαθός.
1725 320 1806 389 μὴ

115 411 469 481 χαλέπαινε
507 423 643 475 τοῖς
682 412 1074 481 ἀναλώμασι.
1136 420 1356 480 κομιεῖ
1390 410 1506 477 τὴν
1544 424 1805 476 προεισ-

115 502 327 570 φορὰν
382 502 456 554 οὐ
509 504 814 570 μεμπτήν.
870 502 1203 570 λαμπροὺς
1252 499 1280 552 ὁ
1327 501 1609 565 πόλεμος
1653 500 1807 560 τοὺς

113 592 403 659 καρποὺς
442 591 744 655 δίδωσιν,
784 590 857 644 οὐ
897 591 1056 642 κατὰ
1096 590 1206 651 τὰς
1245 588 1486 657 ὀλύρας
1523 588 1627 640 καὶ
1665 606 1804 655 κρι-
1852 614 1875 646 5

113 679 237 741 θὰς
284 678 354 741 ἃς
400 680 633 749 μικρὰς
680 678 750 732 ἐν
796 685 1017 750 μακρῷ
1072 681 1283 750 χρόνῳ
1330 679 1530 747 κόπτῃ
1577 675 1806 729 συλλέ-

114 787 258 835 γων.
314 764 484 821 οἷσθ’
531 768 629 821 ὅτι
668 770 903 821 πολλοὶ
950 778 1075 821 τῶν
1114 775 1531 837 στρατιωτῶν
1570 778 1806 835 χρυσο-

114 863 480 925 φοροῦντες
533 858 863 927 μάχονται.
926 858 1202 919 τούτους
1250 856 1278 910 ὁ
1331 859 1589 918 κτείνας
1644 858 1809 925 συλᾷ

107 945 211 997 καὶ
244 944 273 998 ὁ
308 947 669 1015 στρατηγὸς
706 943 889 999 οἶδεν
928 945 1138 999 οὐδέν.
1178 947 1235 998 εἰ
1268 943 1341 997 δέ
1369 959 1471 998 σοι
1504 943 1804 1013 ἀριστεύ-

113 1048 288 1087 σειεν
319 1033 349 1088 ὁ
373 1045 546 1103 παῖς,
571 1034 936 1104 Ἡράκλεις,
961 1035 1272 1104 ἐμπλήσει
1297 1050 1401 1087 σοι
1432 1035 1547 1101 τὴν
1573 1033 1803 1086 ἐπιθυ·
1830 1058 1873 1091 m

111 1124 267 1191 μίαν
304 1124 337 1192 ἡ
385 1124 588 1193 ἡμέρα
642 1133 752 1194 τῆς
808 1126 1054 1193 δωρεᾶς
1107 1126 1213 1178 καὶ
1268 1126 1499 1192 φήσεις
1553 1120 1687 1175 οὐδ’
1736 1121 1806 1174 ἐν

111 1213 348 1266 ἅπαντι
408 1221 490 1285 τῷ
551 1217 669 1286 βίῳ
733 1215 1092 1277 τοσούτους
1155 1213 1499 1282 εἰληφέναι
1560 1214 1806 1272 τόκους.

112 1301 272 1354 ἀλλὰ
313 1304 629 1356 συνάσκει
668 1303 772 1356 καὶ
815 1305 1183 1374 σύμπραττε
1216 1305 1289 1355 τὰ
1320 1303 1482 1371 πρὸς
1513 1302 1628 1370 τὴν
1666 1298 1804 1353 ἐπι-

110 1391 428 1457 τήδευσιν
480 1398 562 1463 τῷ
616 1396 956 1464 νεανίσκῳ.
1030 1392 1113 1445 19.
1168 1393 1230 1444 τί
1283 1390 1329 1443 δ’
1394 1387 1513 1445 οὖν
1574 1388 1804 1459 μέλλω;

110 1475 265 1548 ἔφην.
305 1480 444 1549 πρὸς
483 1482 588 1550 γὰρ
627 1483 688 1535 τὸ
730 1480 893 1549 γέρας
924 1480 1217 1550 ἐκεχήνειν.
1268 1480 1533 1533 ἐντεῦθεν
1565 1479 1593 1532 ὁ
1625 1481 1800 1532 κωλυ-
1828 1505 1872 1537 15

109 1568 203 1636 τὴς
243 1567 348 1638 ἐγὼ
387 1579 500 1622 τῶν
539 1571 839 1624 ὁπλιτικῶν
879 1570 1120 1637 ἐκίνουν,
1159 1571 1527 1639 προύτρεπον,
1571 1568 1803 1636 ἐδεόμην

108 1656 168 1709 ἐν
207 1666 322 1720 τοῖς
363 1659 553 1722 ὅπλοις
593 1659 991 1713 ἀναπαύεσθαι.
1055 1660 1190 1727 ἄγε,
1231 1656 1399 1728 ἔφην,
1447 1661 1523 1710 σὺ
1571 1655 1803 1710 κλέπτε

110 1745 179 1798 ἐν
227 1753 311 1819 τῷ
359 1748 773 1820 στρατοπέδῳ
823 1758 949 1801 τῶν
995 1757 1244 1814 νεκρῶν
1290 1748 1363 1801 τὰ
1408 1746 1643 1811 ψέλλια
1696 1743 1802 1799 καὶ

229 1927 254 1966 3
287 1921 416 1966 Dem.
443 1923 668 1967 Pantaen.
701 1939 746 1980 p.
774 1928 873 1978 977,
894 1928 948 1968 19
1070 1929 1096 1968 5
1130 1923 1186 1967 cf.
1221 1923 1282 1967 ad
1313 1939 1358 1980 p.
1386 1927 1455 1977 17,
1474 1927 1499 1966 3

229 2091 253 2130 2
286 2094 453 2142 μικροῦ
481 2086 519 2131 0
541 2088 547 2144 1
575 2087 764 2143 ἀγαθὸν
789 2088 834 2131 Β
867 2090 915 2132 et:
946 2104 1000 2144 γρ
1035 2087 1084 2130 in
1116 2101 1251 2145 marg
1281 2088 1384 2131 Mor
1503 2093 1529 2130 3
1562 2093 1699 2143 κομιῆ
1724 2088 1800 2131 La

108 2145 189 2191 sed
220 2163 249 2203 η
282 2159 338 2190 ex
371 2162 410 2191 ει
444 2160 546 2190 corr
575 2160 609 2202 s,
644 2148 690 2191 B
717 2149 723 2201 1
750 2146 1070 2203 προεισφορὰν
1102 2147 1270 2203 scripsi
1301 2160 1325 2190 ο
1350 2147 1425 2191 La
1438 2147 1595 2192 ViGlB
1609 2147 1676 2190 Va
1707 2145 1800 2189 coll

106 2204 236 2249 Dem.
270 2205 354 2250 1.1.
435 2205 661 2261 εἰσφορὰν
686 2207 742 2249 Η
749 2207 888 2252 VOM
916 2208 964 2250 et
1001 2223 1056 2263 γρ
1096 2206 1145 2249 in
1184 2221 1316 2263 marg
1347 2206 1450 2250 Mor
1522 2204 1800 2261 προσφορὰν

108 2264 199 2309 edd
343 2271 370 2309 4
402 2264 610 2320 λαμπρὸς
639 2265 741 2308 Mor
883 2270 909 2308 5
942 2265 1136 2321 ὀλλύρας
1163 2266 1314 2311 OMCl
1324 2266 1380 2310 Vi
1391 2266 1460 2310 Va
1531 2264 1700 2320 ὀλύρας
1723 2265 1799 2309 La

111 2325 115 2382 Ι
150 2323 233 2374 τὰς
265 2326 374 2368 ante
405 2325 578 2380 κριθὰς
602 2325 647 2368 Β
793 2329 817 2367 6
850 2322 997 2382 κόπτῃ
1030 2325 1196 2381 scripsi
1228 2338 1254 2369 Θ
1278 2326 1324 2369 Β
1356 2326 1545 2368 auctore
1576 2324 1645 2368 Re
1720 2323 1799 2369 κό-

105 2398 207 2428 πτει
224 2385 280 2428 H
285 2384 366 2429 VO
373 2385 441 2427 Va
501 2382 687 2434 κόπτεις
707 2385 769 2428 Μ
797 2383 887 2427 edd
948 2384 1135 2434 κύπτεις
1151 2385 1229 2429 La
1240 2385 1296 2428 Vi
1326 2384 1408 2428 sed
1439 2383 1489 2427 in
1519 2384 1608 2428 hoc
1639 2385 1799 2429 κόπτει

105 2442 155 2485 in
186 2456 320 2500 marg
350 2442 433 2497 ω’,
461 2443 513 2488 Ol
571 2443 762 2493 κάπτεις
793 2442 939 2488 Cobet
969 2443 1069 2488 Coll
1101 2448 1187 2488 298
1310 2447 1366 2488 10
1397 2457 1471 2487 σοι
1501 2457 1577 2487 om
1604 2444 1654 2489 ΟΖ
1714 2458 1799 2489 σου

114 2502 185 2545 Va
307 2507 358 2545 11
394 2500 588 2559 ἡμετέρα
622 2504 681 2547 Vi
710 2502 792 2546 sed
823 2518 871 2546 τε
905 2502 980 2547 del
1011 2502 1081 2547 m'
1108 2506 1114 2560 1
1142 2500 1247 2548 οὐδ’
1276 2501 1325 2546 ἐν
1359 2503 1428 2547 Va
1459 2503 1540 2546 sed
1573 2516 1628 2546 ex
1659 2503 1799 2547 οὐδὲν

108 2574 208 2604 corr
238 2560 309 2604 m²
431 2565 485 2605 13
516 2563 598 2605 καὶ
630 2561 890 2618 σύμπραττε
923 2575 997 2605 om
1024 2564 1087 2607 M
1204 2567 1259 2605 14
1296 2558 1382 2606 οὖν
1413 2561 1578 2617 scripsi
1608 2564 1662 2606 ut
1692 2562 1798 2606 coni

106 2619 268 2663 Iacobs
300 2620 429 2664 Anth
461 2621 546 2665 Pal
577 2621 802 2665 11174101:
833 2634 858 2664 e
888 2620 990 2665 Par.
1018 2626 1132 2665 3017
1168 2621 1455 2665 Boissonade
1486 2620 1625 2666 Mich.
1659 2620 1796 2666 Psell.

108 2679 166 2722 de
198 2692 321 2736 oper.
349 2680 498 2724 daem.
526 2684 610 2724 236
674 2681 728 2725 οὐ
760 2679 869 2723 libri
902 2680 993 2724 edd
1043 2683 1049 2736 Ι
1098 2679 1215 2736 μέλω
1239 2681 1334 2726 HG
1461 2684 1516 2724 16
1549 2679 1799 2725 ὁπλιτικῶν

116 2738 186 2782 Va
217 2739 299 2782 sed
332 2755 377 2783 ικ
408 2739 457 2782 in
489 2753 564 2783 ras
596 2739 666 2783 m²
716 2741 722 2797 Ι
770 2739 1077 2795 προῦπεμπον
1102 2740 1245 2786 RVG
1372 2744 1427 2783 17
1464 2739 1592 2797 „fort
1627 2739 1797 2795 σύναγε

105 2797 197 2841 sive
229 2797 497 2854 συνάγειρε“
532 2798 696 2843 Iacobs
727 2798 840 2843 Lect
889 2800 895 2853 Ι
946 2799 1001 2842 σὺ
1036 2797 1199 2844 κλέπτε
1239 2812 1314 2843 om
1344 2798 1413 2842 Ro
1557 2803 1612 2843 18
1652 2797 1704 2843 ἐν
1734 2802 1796 2855 τῷ

108 2855 400 2971 1στροιτοπέόἰ,ιτι
433 2870 508 2902 om
541 2859 610 2903 Va
644 2859 649 2916 Ι
687 2861 750 2916 τῷ
782 2857 957 2901 inserui
989 2872 1044 2900 ex
1069 2858 1283 2903 HVGLa
1296 2859 1398 2903 ViB
1458 2871 1534 2901 om
1561 2857 1675 2902 Mol
1705 2856 1796 2901 edd

150 2914 208 2959 τὰ
240 2929 314 2958 om
340 2917 403 2960 M
1687 2956 1691 2959 Α
