2014 3158
349 119 467 164 PRO
499 117 772 162 MULIERE
805 117 1227 162 TYRANNICIDA
1259 118 1497 164 ΡΕΤΙΤΙΟ
1662 120 1771 174 467

78 257 281 309 νότατα
320 263 460 322 γοῦν
506 253 844 323 ἐπιβαλοῦσα
892 262 1008 316 τοῖς
1052 254 1370 323 πράγμασιν
1418 256 1638 318 εἰκότως
1681 255 1773 309 καὶ

77 343 406 413 καινοτέραν
444 353 681 396 ποιεῖται
726 344 826 411 τὴν
874 347 1104 411 αἴτησιν.
1161 343 1208 395 εἰ
1249 344 1352 411 γὰρ
1401 351 1564 411 τοῦτο
1609 347 1775 412 νόμος

79 433 325 502 ἀπείργει
362 434 532 502 τυχὸν
571 432 600 486 ὁ
640 432 805 501 τῆσδε
843 439 938 500 τῆς
976 433 1202 499 πόλεως,
1242 431 1462 485 κάκεῖνο
1504 435 1673 502 νόμος
1705 435 1771 487 οὐ

78 530 205 590 μιᾶς
250 523 484 588 πόλεως,
540 520 677 574 ἀλλὰ
723 527 818 588 τῆς
865 520 994 588 ὅλης
1041 521 1306 572 διεκώλυε
1355 523 1588 589 φύσεως.
1643 522 1774 576 ἀλλ’

1 594 5 597 ⁶
78 611 223 679 ὅμως
261 611 360 663 τὸν
398 611 590 663 κοινὸν
628 616 829 662 τοῦτον
869 607 1199 679 ἀπετρέπετο
1239 612 1438 678 νόμον,
1488 609 1562 662 ἵν’
1606 610 1638 679 ἡ
1679 614 1771 665 πό·
1818 633 1838 665 5

77 703 162 762 λις
200 697 293 769 ἔχῃ
332 700 430 752 τὸν
470 701 676 751 οἰκεῖον
715 700 923 766 κόσμον
955 706 1055 750 τοῦ
1087 699 1484 767 πολιτεύματος
1515 698 1606 752 καὶ
1638 702 1770 768 μετὰ

76 797 188 841 τῶν
226 790 408 840 ἄλλων
447 785 535 840 ἐπὶ
567 795 666 840 τοῦ
697 789 939 855 βήματος
970 785 1062 839 καὶ
1094 789 1164 840 σὺ
1196 789 1771 859 προσυπαναπτύσσῃς

75 881 141 929 τὰ
182 877 478 945 γράμματα.
541 876 626 929 62.
666 874 851 928 ἔπειτα
898 875 1088 945 μέντοι
1132 877 1223 928 καὶ
1271 875 1479 929 καινὸν
1516 875 1683 930 οὐδὲν
1723 880 1774 930 εί

73 966 288 1018 παίδων
341 964 626 1017 ἀκούσασα
678 966 853 1034 μήτηρ
909 963 1077 1018 οὐδέν
1131 983 1181 1016 τι
1239 965 1346 1034 πρὸ
1393 975 1505 1018 τῶν
1554 967 1771 1019 παίδων

78 1051 84 1125 Ι
125 1055 352 1107 τίθεται.
391 1053 722 1107 τούναντίον
759 1051 861 1121 μὲν
893 1050 1012 1122 οὖν,
1054 1055 1101 1106 εἰ
1133 1056 1308 1123 μήτηρ
1343 1050 1482 1107 οὖσα
1513 1056 1586 1124 μὴ
1634 1059 1861 1105 R1V814

74 1145 202 1204 τοὺς
240 1143 442 1206 παῖδας
480 1144 559 1205 εἰς
599 1144 814 1212 δωρεὰν
854 1142 1117 1214 ἐξῃτεῖτο,
1160 1148 1352 1212 θαῦμα
1393 1144 1463 1196 ἄν
1502 1163 1585 1206 τις
1623 1143 1767 1197 ε’ποι-
1795 1166 1837 1197 11

73 1241 183 1285 εῑτο
222 1232 282 1284 τὸ
322 1240 544 1302 πρᾶγμα
590 1235 687 1284 καί
728 1233 837 1284 πού
885 1251 937 1284 τι
982 1233 1075 1284 καὶ
1122 1233 1442 1284 ὑπώπτευσε
1488 1234 1624 1285 κατὰ
1675 1240 1770 1301 τῆς

71 1322 286 1390 μητρός.
334 1328 441 1373 νῦν
481 1319 529 1374 δ’
577 1319 666 1389 ἅμ’
714 1321 1030 1384 ἀνύποπτος
1067 1321 1100 1390 ἡ
1141 1323 1584 1390 τυραννοκτόνος
1631 1322 1769 1390 αὕτη

71 1410 161 1463 καὶ
202 1412 496 1479 φιλόπολις
535 1408 775 1479 ἀκριβῶς
821 1409 912 1463 καὶ
960 1411 1026 1462 τὰ
1074 1419 1169 1479 τῆς
1217 1411 1427 1480 δωρεᾶς
1473 1410 1769 1481 ἀκραιφνῆ.

71 1499 271 1561 παῖδας
316 1501 456 1551 αἰτεῖ
505 1501 679 1568 μήτηρ
727 1498 826 1561 οὓς
881 1499 1108 1567 ὤδινεν,
1164 1499 1262 1561 οὓς
1316 1499 1767 1568 ἀπεγαλάκτισεν,
1794 1520 1836 1553 15

72 1587 170 1650 οὓς
209 1589 473 1656 ἔθρεψεν,
522 1587 620 1649 οὓς
666 1586 955 1640 ἐπαίδευσε
1003 1589 1093 1640 καὶ
1139 1591 1457 1642 τελευταῖον
1495 1596 1658 1641 τοῦτο
1700 1589 1767 1656 δὴ

71 1676 130 1728 τὸ
169 1685 282 1729 τῶν
329 1677 402 1739 ὡς
449 1676 672 1744 ἀληθῶς
717 1675 993 1746 μητέρων,
1035 1674 1120 1744 ἐφ’
1169 1668 1253 1739 οἷς
1299 1677 1390 1729 καὶ
1436 1679 1629 1745 μόνοις
1674 1678 1768 1739 τὰς

7 1812 11 1816 .
71 1764 199 1827 ὅλας
246 1765 470 1826 ἐλπίδας
518 1763 756 1818 ἐσάλευε.
827 1765 911 1816 63.
959 1765 1051 1818 καὶ
1099 1767 1168 1817 σὺ
1215 1772 1322 1817 νῦν
1376 1765 1478 1818 οὐκ
1533 1766 1768 1835 αἰσχύνῃ

70 1854 264 1906 καινὸν
317 1861 481 1906 τοῦτο
534 1855 796 1921 νομίζων,
851 1850 892 1906 ὦ
948 1854 1086 1923 πρὸς
1140 1861 1234 1923 τῆς
1294 1854 1522 1916 Φύσεως
1577 1854 1767 1922 αὐτής;

71 1940 202 2011 ὁρᾷς
242 1940 330 1994 καὶ
371 1951 482 1994 τῶν
521 1947 716 2010 θηρῶν
754 1945 884 2004 τοὺς
931 1942 1161 2010 ἀγρίους
1208 1942 1353 2004 ὅπως
1399 1951 1512 1995 τῶν
1558 1942 1767 1995 τέκνων
1790 1964 1835 1996 20

189 2062 211 2100 1
245 2057 367 2100 Plut.
402 2056 494 2101 Cic.
530 2062 571 2111 4,
591 2062 616 2099 3
764 2061 817 2101 18
860 2056 992 2102 Chor.
1026 2057 1168 2102 Marc.
1192 2057 1214 2100 I
1244 2064 1288 2114 p'.
1323 2062 1392 2111 94,
1418 2062 1471 2101 19
1513 2058 1584 2101 ed.
1618 2057 1763 2102 Boiss.

72 2116 154 2170 qui
185 2116 303 2160 alios
342 2116 468 2161 locos
506 2115 697 2174 collegit
729 2116 847 2160 Add.
882 2132 925 2173 p.
954 2121 1038 2160 326
1186 2121 1239 2160 19
1280 2116 1336 2161 cf.
1372 2118 1433 2159 ad
1464 2118 1498 2160 t.
1525 2116 1566 2160 V.
1597 2121 1698 2171 318,
1718 2121 1764 2170 ὃς

71 2174 134 2218 VI
157 2179 297 2230 27‚7;
328 2177 362 2221 t.
387 2175 451 2219 IV
477 2180 577 2231 677,
598 2181 619 2218 7
641 2175 693 2218 R.
727 2175 894 2219 Pfister
923 2175 979 2220 N.
1011 2176 1205 2220 Jahrbb.
1238 2176 1270 2220 f.
1303 2176 1437 2220 class.
1470 2175 1563 2219 Alt.
1600 2181 1711 2220 1911
1745 2176 1766 2219 I

70 2238 156 2278 520
174 2249 240 2289 sq.
387 2239 442 2278 20
476 2235 531 2279 cf.
565 2250 610 2291 p.
636 2239 736 2288 412,
756 2240 834 2290 203
877 2235 918 2279 V
943 2239 1140 2290 444,17;
1189 2238 1222 2279 t.
1247 2235 1310 2279 IV
1337 2240 1510 2290 751,22
1528 2235 1582 2279 R.
1631 2234 1763 2280 chor.

4 2308 6 2311 ·
69 2294 158 2349 tyr.
190 2309 236 2350 p.
263 2298 333 2347 67,
353 2299 406 2337 13
425 2309 491 2349 sq.

188 2401 214 2440 5
246 2395 387 2454 νόμος
421 2399 510 2443 Vat
652 2401 676 2439 6
711 2397 808 2453 ἔχοι
835 2398 1077 2442 MaClVat
1223 2402 1245 2440 7
1278 2396 1764 2455 προσυπαναπτύσσῃς

69 2456 235 2512 scripsi
267 2470 292 2500 e
318 2459 407 2501 Ma
446 2457 528 2500 sed
551 2458 652 2512 v(2)
685 2470 740 2499 ex
770 2473 799 2513 η
833 2470 933 2499 eon·
963 2457 1047 2513 m’,
1067 2456 1219 2502 OzVat
1257 2470 1362 2501 cum
1400 2456 1611 2500 Iacobsio
1650 2455 1763 2500 Lect

33 2563 39 2567 ,
71 2513 212 2558 Schul
280 2515 776 2571 προσυπαναπτύσσεις
802 2517 886 2560 Mo
917 2515 985 2559 Re
1121 2520 1148 2559 8
1187 2516 1267 2559 καὶ
1299 2529 1374 2559 om
1401 2516 1490 2559 Ma
1627 2519 1681 2557 10
1723 2514 1764 2558 εἰ

71 2574 234 2630 scripsi
267 2588 292 2618 e
324 2575 569 2620 MaOlVat
609 2589 713 2618 cum
756 2574 966 2618 Iacobsio
999 2574 1140 2618 Schul
1180 2576 1227 2619 et
1267 2574 1447 2619 Sinteni
1524 2573 1552 2630 ἡ
1578 2575 1663 2618 Mo
1694 2573 1762 2616 Re

192 2639 244 2677 11
279 2634 476 2689 ἐζητεῖτο
511 2635 598 2678 Vat
744 2638 797 2676 13
831 2631 912 2689 ἅμ’
948 2634 1111 2690 scripsi
1149 2648 1252 2677 cum
1286 2633 1466 2677 Sinteni
1543 2629 1644 2676 ἀλλ’
1674 2633 1763 2677 Μα

78 2692 253 2737 VatMo
276 2693 344 2736 Re
406 2693 520 2737 ἀλλὰ
548 2693 600 2738 01
626 2694 632 2747 Ι
661 2692 688 2747 ἡ
719 2706 794 2735 om
820 2694 966 2738 Mace
1087 2699 1141 2737 15
1168 2691 1376 2749 ἀπεγαλά
1400 2705 1522 2735 τισεν
1541 2691 1630 2735 Μα
1656 2705 1761 2734 cum

7 2784 11 2790 .
68 2763 144 2794 ras
172 2756 193 2794 1
213 2751 293 2795 litt
315 2753 423 2808 post
441 2769 471 2795 α
594 2756 647 2795 16
674 2749 948 2796 ἐπαίδευσεν
968 2754 1057 2796 Ma
1179 2757 1231 2795 17
1259 2752 1320 2803 ὡς
1343 2765 1419 2794 om
1443 2751 1533 2795 Vat
1558 2752 1565 2806 Ι
1592 2749 1763 2806 μητρὸς

12 2835 18 2853 5
79 2809 167 2853 Vat
288 2814 343 2854 18
376 2808 483 2861 ὅλας
514 2810 689 2854 inserui
722 2824 745 2853 e
771 2811 1013 2855 MaGlVat
1076 2825 1150 2854 om
1178 2812 1262 2855 Mo
1293 2809 1359 2854 Re
1387 2811 1393 2866 Ι
1422 2809 1606 2853 ἐσάλευε
1638 2809 1763 2851 inser

8 2883 15 2918 f
72 2868 180 2912 ΜοΞΒ
239 2869 453 2914 ἐσάλευεν
479 2870 568 2913 Μα
691 2873 743 2912 19
781 2869 964 2919 Φύσεως
995 2869 1159 2926 scripsi
1191 2868 1280 2913 coll
1304 2868 1351 2911 ll.
1378 2868 1427 2911 Π.
1452 2870 1500 2911 et·
1530 2883 1574 2924 p.
1600 2871 1761 2922 458‚5.;

8 2936 23 3014 ξ
69 2930 170 2981 465,
190 2932 243 2970 18
306 2929 488 2984 φύσεως
517 2927 627 2972 libri
658 2928 726 2971 Re
1161 2952 1167 2955 ’

0 3031 23 3116 ,ᾗ
1314 3002 1401 3043 30*

0 3104 29 3158 xl·
