2014 3158
621 150 793 195 CAECI
823 150 959 194 FILII
990 149 1293 208 APOLOGIA
1697 150 1800 202 651

114 290 418 358 δυστυχίαν
465 286 823 355 αὐξήσαιμεν,
879 286 938 339 οἰ
986 287 1090 355 γὰρ
1147 284 1351 353 ἀγαθοὶ
1400 287 1805 355 δυστυχοῦντες

113 379 180 431 τὰ
216 378 371 446 πάθη
410 377 669 444 μειζόνως
716 374 1021 444 ἐγείρουσι,
1068 375 1157 427 καὶ
1199 373 1272 427 δι’
1318 375 1453 428 ὅλου
1492 383 1592 428 τοῦ
1633 377 1805 444 λόγου

113 467 174 520 τὸ
221 464 435 537 πρέπον
488 465 886 534 διαφυλάττειν
939 462 1029 517 καὶ
1082 469 1159 535 τῷ
1213 464 1342 531 ἤθει
1390 471 1489 516 τοῦ
1544 465 1804 518 τοιούτου

112 555 308 618 παιδὸς
346 556 436 608 καὶ
475 562 539 625 τῇ
580 555 747 621 φύσει
788 563 899 606 τῶν
937 552 1317 622 ὑποκειμένων
1348 554 1682 623 πραγμάτων
1713 551 1803 606 καὶ

114 649 397 713 λογισμοῖς
435 649 677 714 χρῆσθαι
717 641 1134 712 πιθανωτέροις.
1201 645 1245 696 7.
1287 641 1349 696 ἐν
1389 643 1492 712 γὰρ
1540 653 1656 706 τοῖς
1695 663 1803 696 τοι-
1853 668 1872 700 5

113 733 296 795 ούτοις
336 731 545 800 ἀγῶσιν
585 725 767 794 ε’νοῖς
806 732 871 784 τὰ
912 733 1094 784 εἰκότα
1132 732 1395 801 μεγίστην
1426 728 1536 801 ἔχει
1575 733 1676 801 τὴν
1716 733 1805 785 δύ-

113 841 282 891 ναμιν
320 823 585 890 προσήκει
623 823 723 890 τὴν
765 820 1029 891 ἐργασίαν
1075 825 1358 874 ποιεῖσθαι
1410 830 1522 878 τῶν
1559 827 1805 874 πιθανω-

114 909 287 979 τέρων
326 909 385 964 ἐκ
424 920 535 964 τῶν
575 909 647 973 ὡς
686 908 770 963 ε’πὶ
821 910 882 963 τὸ
929 915 1189 963 πλεῖστον
1240 912 1571 977 συμβαίνειν
1611 912 1806 964 εἰωθό-

112 1019 237 1052 των.
277 1007 447 1053 ταῦτα
487 1001 591 1070 γὰρ
631 1000 768 1067 πρὸς
799 1002 987 1053 πίστιν
1017 1003 1372 1068 προκαλεῖται
1403 1000 1638 1065 μάλιστα
1676 1002 1807 1063 τοὺς

112 1088 439 1158 ἀκούοντας,
503 1090 638 1142 ὅταν
699 1087 787 1156 ἐφ’
849 1087 1060 1141 ἑαυτῶν
1122 1088 1260 1141 αὐτὰ
1320 1091 1659 1156 λογιζόμενοι
1714 1087 1805 1142 καὶ
1831 1112 1875 1144 ιο

112 1185 448 1241 σκοποῦντες
503 1179 555 1231 οἱ
612 1176 864 1231 δικασταὶ
921 1177 1126 1248 ῥᾳδίως
1179 1175 1270 1230 καὶ
1327 1177 1414 1229 ἐπὶ
1467 1186 1578 1230 τῶν
1625 1179 1807 1231 ἄλλων

114 1270 450 1336 γενήσεσθαι
489 1268 840 1320 πιστεύωσιν.

801 1414 861 1468 Ὁ
899 1417 1114 1486 πηρός.

229 1534 274 1586 1.
299 1537 499 1603 Μόλις,
525 1530 565 1586 ὦ
594 1535 794 1604 ἄνδρες
817 1535 1083 1602 δικασταί,
1107 1543 1219 1587 τῶν
1244 1532 1333 1587 ἐπὶ
1363 1540 1440 1605 τῷ
1464 1533 1627 1603 πατρὶ
1674 1540 1715 1582 R
1731 1540 1794 1584 IV
1813 1545 1896 1583 742

113 1625 345 1692 θρήνων
385 1623 577 1691 ὀλίγον
617 1623 1073 1692 ἀναπαυσάμενος
1118 1621 1245 1693 παρ’
1292 1623 1433 1693 ὑμᾶς
1479 1619 1686 1692 ἦλθον,
1735 1623 1807 1687 ὡς
1833 1647 1874 1678 15

234 1729 255 1766 1
291 1723 486 1781 Longin.
518 1723 609 1768 inv.
643 1724 779 1768 Rhess.
813 1740 880 1782 gr.
905 1725 968 1768 IX
994 1729 1093 1779 595,
1115 1729 1138 1767 7
1157 1740 1224 1781 sq.
1258 1725 1327 1769 ed.
1355 1724 1501 1769 Walz.

235 1818 287 1857 12
333 1811 756 1871 Προοιμιαζόμενος
798 1815 848 1858 ἐν
891 1817 955 1874 τῷ
995 1815 1140 1873 διπλῷ
1187 1814 1332 1873 τούτῳ
1375 1812 1528 1874 τελείῳ
1573 1818 1808 1873 στοχασμῷ

115 1872 330 1930 ὁμολογεῖ
359 1872 382 1916 ὁ
419 1870 521 1923 υἱὸς
559 1872 677 1929 ὑπὲρ
715 1879 799 1918 τοῦ
838 1873 1015 1928 πατρὸς
1052 1871 1366 1930 ἀγωνίζεσθαι
1404 1874 1482 1918 καὶ
1524 1874 1579 1918 οὐ
1618 1875 1808 1929 κρύπτει

114 1939 272 1987 τοῦτο,
312 1930 638 1988 ἀνεπίφθονος
676 1931 764 1989 γὰρ
798 1931 822 1976 ὁ
862 1932 977 1988 ὑπὲρ
1017 1940 1109 1977 τῶν
1147 1932 1479 1990 προσηκόντων
1511 1930 1658 1990 λόγος,
1692 1935 1752 1985 ὡς
1784 1933 1808 1978 ὁ

115 1990 363 2049 ἐρμογένης
395 1992 627 2037 διδάσκειε
653 2011 710 2031 ω
735 1992 815 2036 καὶ
839 1991 961 2048 ζήτει
986 1992 1128 2037 ἐκεῖσε
1160 1995 1268 2049 post
1298 1993 1573 2037 πιστεύωσιν
1598 1993 1691 2037 Ath

120 2055 172 2094 13
214 2051 469 2108 στοχασμὸς
506 2049 924 2108 ἀντεγκληματικὸς
948 2053 1005 2096 H
1010 2053 1094 2096 VB
1241 2057 1295 2096 14
1335 2052 1386 2096 τὸ
1419 2061 1450 2095 ᾶ
1479 2050 1727 2108 προοίμιον
1763 2052 1809 2105 ἐξ

116 2109 391 2165 ὑπολήψεως
420 2117 512 2154 τῶν
544 2113 775 2155 δικαστῶν
799 2111 1063 2156 MrubrMass

236 2203 262 2242 2
295 2197 455 2243 διόλου
490 2199 708 2244 Vi³MaB
830 2204 855 2243 3
889 2199 1138 2256 φυλάττειν
1164 2201 1221 2244 Μ
1260 2202 1266 2257 Ι
1301 2208 1382 2246 τοῦ
1415 2216 1489 2245 om
1525 2202 1593 2246 Va
1623 2202 1692 2246 Re

119 2263 144 2301 4
178 2257 499 2314 ἀποκειμένων
527 2259 579 2303 Ol
610 2259 690 2302 sed
724 2260 754 2302 ἀ
787 2273 841 2303 ex
874 2259 902 2303 ὑ
934 2274 1036 2304 corr
1157 2265 1180 2302 7
1216 2258 1480 2317 εὐεργεσίαν
1505 2261 1694 2305 HVVi³

118 2322 144 2360 8
179 2318 240 2368 ὡς
270 2317 396 2361 inser
421 2317 532 2362 Μα8
557 2319 565 2375 Ι
593 2319 934 2363 ἐπιτοπλεῖστον
967 2319 1091 2363 Vi³B
1120 2319 1127 2378 Ι
1153 2319 1204 2362 τὸ
1238 2333 1311 2363 om
1339 2320 1431 2364 Ath
1553 2325 1578 2363 9
1609 2334 1810 2375 προσκα-

118 2379 263 2421 λεῖται
279 2378 337 2421 H
341 2377 652 2422 VVi⁸MaAth
676 2378 758 2422 sed
782 2377 831 2420 in
855 2378 942 2422 hoo
968 2392 994 2421 σ
1018 2378 1092 2422 del
1218 2384 1271 2422 12
1303 2379 1577 2423 πιστεύωσιν
1605 2381 1647 2424 V
1668 2380 1749 2423 sed
1775 2398 1809 2423 ω

118 2435 169 2478 in
191 2449 267 2479 ras
299 2436 370 2479 m'
429 2436 724 2481 πιστεύουσιν
749 2437 889 2481 HVi³
1010 2443 1064 2482 13
1091 2435 1143 2482 Ὁ
1168 2436 1317 2494 πηρός
1348 2438 1512 2495 scripsi
1544 2453 1599 2481 ex
1623 2439 1818 2482 HrabrV

122 2496 395 2539 MarubrAth
457 2495 481 2539 ὁ
498 2494 657 2551 πηρός.
674 2496 703 2553 ἡ
719 2495 878 2553 μελέτη
897 2498 1045 2541 Mrubr
1105 2497 1133 2553 ἡ
1151 2496 1308 2554 μελέτη
1333 2499 1526 2542 Viruer
1587 2511 1661 2540 om
1682 2498 1733 2542 Ol
1743 2499 1812 2541 Va

177 2556 356 2610 τυφλοῦ
375 2554 689 2610 φιλοπάτορος
706 2554 933 2613 ἀπολογία
951 2556 1042 2599 edd
1166 2561 1219 2599 14
1239 2556 1392 2608 Μόλις
1410 2583 1463 2588 ——
1483 2561 1583 2610 652,
1595 2561 1618 2598 7
1637 2557 1810 2613 ἀνηρη-

125 2611 247 2672 μένῳ
278 2613 546 2670 praemissis
578 2614 730 2658 verbis
762 2616 813 2659 ἐν
835 2615 979 2673 τούτῳ
1003 2619 1066 2672 τῷ
1090 2615 1308 2672 ζητήματι
1336 2619 1532 2671 μελετῶν
1557 2615 1581 2659 ὁ
1605 2603 1813 2673 λιβάνιος

119 2672 201 2716 τὸν
218 2672 368 2727 πηρὸν
385 2673 731 2730 προοιμιάζεται
750 2672 893 2724 οὕτως
909 2674 1027 2718 citat>
1041 2675 1103 2718 Io.
1123 2674 1287 2730 Doxap
1314 2673 1383 2717 1.1.
1395 2674 1494 2718 cod.
1507 2674 1812 2718 Vat.f01209v

130 2731 230 2775 Bar.
256 2731 324 2776 fol
347 2736 417 2787 29,
444 2758 499 2763 —
527 2738 580 2775 15
606 2733 996 2790 ἀναπαυσάμενος
1025 2734 1293 2790 praemissis
1324 2733 1476 2777 verbis
1508 2733 1732 2791 Λιβάνιος
1762 2733 1812 2778 ἐν

124 2789 284 2849 μελέτῃ
301 2797 356 2848 τῇ
367 2788 570 2835 Διέσωσέ
584 2807 653 2842 τις
669 2792 935 2849 ἐμπρησμοῦ
952 2791 1203 2850 γενομένου
1219 2792 1300 2836 τὸν
1318 2792 1485 2836 ἑαυτοῦ
1502 2791 1681 2847 πατέρα
1689 2793 1811 2836 Tho-

121 2863 221 2893 mas
237 2850 362 2908 Mag.
383 2864 416 2894 s.
435 2865 474 2893 v,
493 2848 716 2895 διέπαυσέ
729 2849 799 2902 τίς
818 2867 923 2896 τινα
948 2853 1027 2896 καὶ
1052 2851 1336 2896 διεπαύσατο
1362 2850 1514 2904 αὐτός,
1539 2853 1618 2895 καὶ
1643 2852 1811 2897 ἔπαυσε

122 2909 201 2952 καὶ
220 2908 467 2963 ἐπαύσατο,
485 2909 564 2953 καὶ
581 2907 814 2954 ἀνέπαυσε
830 2911 911 2954 καὶ
927 2911 1224 2955 ἀνεπαύσατο
1243 2925 1285 2966 p.
1298 2915 1368 2963 85,
1381 2915 1406 2954 3
1423 2911 1494 2954 ed.
1513 2910 1694 2954 Ritschl
1727 2913 1731 2916 “

127 2971 180 3010 15
198 2967 495 3024 παυσάμενος
511 2969 662 3013 ViMa
684 2970 686 3026 ξ
707 2966 821 3024 παρ’
841 2970 890 3012 in
907 2969 996 3013 fine
1013 2969 1165 3013 lineae
1184 2969 1482 3025 absumptum
1495 2970 1547 3015 Ol
1597 2970 1714 3024 πρὸς
1724 2971 1812 3014 Μα
