2014 3158
829 490 1020 545 XLIII.

191 617 501 665 Declamatio
531 618 771 679 inscripta
802 614 1005 679 Νόμος
1043 607 1116 678 ἧν
1155 612 1292 678 μετὰ
1331 621 1432 663 τοῦ
1472 614 1654 680 τυράν
1667 633 1770 663 νου

80 689 176 739 καὶ
216 690 352 749 τοὺς
391 689 606 748 παῖδας
645 686 1161 752 ἀποσφάττεσθαι,
1208 686 1403 754 ἕτερος
1443 687 1623 752 νόμος
1670 688 1771 738 τὸν

79 764 561 830 τυραννοκτόνον
593 762 620 811 ὅ
652 782 704 812 τι
741 762 1019 828 βούλοιτο
1060 762 1263 811 αἰτεῖν.
1301 761 1452 828 γυνὴ
1496 761 1596 811 τὸν
1634 761 1767 811 ἑαυ-

79 845 181 903 τῆς
212 836 398 903 ἄνδρα
429 844 843 903 τυραννοῦντα
875 835 1269 899 ἀποσφάξασα
1312 836 1395 895 εἰς
1427 835 1652 903 δωρεὰν
1683 837 1769 885 αἰ-

80 917 170 961 τεῖ
202 912 339 971 τοὺς
378 912 607 970 παῖδας.
651 915 978 975 μελετῶμεν
1017 910 1117 960 τὸν
1158 908 1303 977 ὑπὲρ
1343 918 1448 974 τῆς
1486 929 1770 975 τυραννο-

78 1006 107 1035 κ
117 1007 140 1035 τ
152 986 176 1035 ό
188 1006 216 1034 ν
226 1005 251 1035 ο
261 1005 291 1034 υ
339 988 365 1034 λ
375 984 397 1035 ἑ
405 1005 434 1052 γ
443 1004 469 1035 ο
483 1004 542 1052 ντ
551 1005 582 1034 α
592 1024 604 1047 ,
644 1002 743 1048 qua
775 986 957 1048 aliquis
989 987 1118 1034 cives
1163 988 1274 1034 orat
1310 987 1368 1032 ut
1405 985 1605 1033 mulieri
1643 1002 1771 1048 quae

77 1060 312 1108 maritum
342 1064 612 1122 tyrannum
644 1061 824 1109 occidit
845 1060 974 1108 filios
1000 1060 1118 1108 doni
1142 1076 1258 1124 ergo
1281 1060 1474 1122 petenti
1498 1059 1768 1122 obsequan-

75 1139 162 1183 tur
198 1135 323 1198 legis
361 1134 489 1183 filios
529 1150 637 1183 cum
677 1137 892 1197 tyranno
930 1133 1143 1183 interfici
1180 1134 1397 1182 iubentis
1434 1134 1629 1182 ratione
1670 1150 1769 1182 non

76 1208 264 1270 habita,
296 1225 451 1271 aeque
484 1212 633 1271 atque
665 1209 959 1258 declamatio
991 1208 1079 1256 XL
1118 1209 1430 1270 eloquentiae
1462 1207 1770 1256 Libanianae

77 1283 461 1332 admiratoribus
485 1283 647 1331 minus
672 1287 817 1347 grata
839 1284 950 1331 fuit.
981 1283 1155 1344 Neque
1172 1285 1248 1331 est
1264 1298 1350 1330 cur
1372 1283 1426 1330 id
1440 1284 1600 1346 magis
1618 1298 1770 1344 quam

75 1358 127 1405 in
158 1358 249 1406 illa
279 1357 486 1406 mireris.
548 1357 679 1406 Nam
709 1358 762 1405 in
792 1358 885 1406 hac
918 1373 1115 1419 quoque
1154 1373 1254 1405 non
1290 1356 1586 1419 simplicitas
1618 1359 1770 1418 atque

77 1433 258 1495 gratia,
281 1432 365 1480 sed
390 1432 632 1493 asperitas
658 1434 808 1494 atque
825 1431 1099 1480 verbositas
1122 1431 1300 1479 tironis
1318 1433 1545 1494 regnant,
1568 1433 1625 1478 ut
1648 1432 1768 1493 quin

77 1522 106 1553 a
145 1505 354 1554 Libanio
401 1506 729 1554 abiudicanda
776 1507 842 1553 sit
886 1522 983 1554 non
1031 1505 1269 1553 dubitem.
1331 1505 1426 1552 Hic
1473 1521 1672 1567 quoque
1720 1508 1772 1553 et

75 1580 255 1643 longae
279 1580 647 1628 enuntiatorum
679 1580 913 1644 ambages
945 1579 1143 1628 crebrae
1168 1582 1297 1640 sunt,
1328 1583 1385 1626 ut
1408 1596 1455 1641 p.
1482 1580 1605 1640 440,
1624 1580 1654 1626 3
1675 1594 1744 1641 sq.
1755 1597 1767 1639 ;

78 1656 200 1714 442,
219 1656 286 1701 22
306 1669 376 1716 sq.
387 1672 398 1714 3
448 1659 478 1701 4
487 1657 570 1715 52,
590 1659 616 1703 1
629 1658 655 1702 1
677 1670 747 1716 sq.
758 1691 770 1715 ,
803 1656 854 1701 et
901 1653 1229 1716 aequabilitas
1276 1653 1571 1701 elocutionis
1617 1653 1767 1701 deest.

76 1728 298 1777 Dictioni
342 1731 395 1775 in
448 1730 732 1777 universum
786 1729 979 1776 ieiunae
1026 1728 1314 1776 intermixta
1361 1730 1480 1775 sunt
1524 1727 1770 1775 voeabula

0 1833 3 1836 -
74 1803 284 1864 poetica,
316 1805 372 1850 ut
395 1800 694 1867 αὐτόβουλος
718 1819 766 1864 p.
784 1804 906 1864 457,
928 1805 974 1863 6,
994 1798 1274 1850 ‘aeolicum'
1298 1800 1487 1866 γνόφος
1510 1818 1557 1863 p.
1578 1802 1700 1861 455,
1719 1804 1768 1862 4,

76 1875 256 1924 οὕνεκα
287 1893 377 1939 pro
409 1874 549 1925 ἕνεκα
571 1893 618 1939 p.
645 1878 767 1937 442,
794 1879 878 1924 21.
932 1876 1117 1940 Magna
1149 1878 1224 1924 est
1247 1876 1390 1938 copia
1412 1875 1768 1924 vocabulorum

76 1950 138 1999 ab
163 1966 255 1999 usu
279 1949 476 1998 Libanii
500 1951 790 2011 alienorum,
820 1953 880 1998 ut
910 1947 1199 2014 ἀντιμισθία
1223 1966 1270 2012 p.
1296 1951 1419 2013 453,
1441 1952 1494 2010 73
1526 1949 1768 2013 δημοθοι-

77 2024 158 2072 νία
175 2042 222 2087 Ρ.
242 2026 430 2086 461,5,
455 2022 678 2089 εὐμοιρία
693 2041 740 2087 Ρ.
762 2025 952 2086 457,8,
976 2021 1223 2089 ἆντίχαρις
1241 2042 1286 2087 Ρ.
1306 2025 1429 2086 453,
1446 2025 1500 2085 53
1525 2021 1768 2088 εὐρυβόας

75 2115 122 2161 p.
149 2100 271 2159 473,
291 2100 343 2158 53
385 2096 751 2162 φιλελευθέριος
788 2115 834 2161 Ρ.
863 2100 988 2163 437,
1007 2099 1061 2158 8,
1095 2100 1226 2160 447,
1247 2101 1337 2159 11,
1385 2097 1541 2157 ἰδικός
1570 2114 1618 2160 Ρ.
1645 2099 1768 2157 438,

0 2202 3 2207 ·
80 2175 168 2234 19,
215 2171 445 2238 παρευθύ
487 2189 533 2234 Ρ.
567 2174 692 2233 442,
719 2174 774 2234 3,
820 2170 1237 2221 ἀντιταλαντεύειν
1283 2190 1329 2234 Ρ.
1357 2172 1479 2234 438,
1499 2174 1591 2233 12,
1636 2168 1767 2219 ἀντι-

77 2250 266 2311 μετρεῐν
295 2264 344 2309 Ρ.
370 2248 493 2308 454,
513 2247 568 2308 8,
614 2244 1005 2312 ἀντιχαρίζεσθαι
1035 2264 1082 2309 Ρ.
1109 2248 1231 2307 460,
1253 2249 1342 2307 12,
1386 2243 1769 2310 ἀποχαρίζεσθαι

75 2338 120 2382 Ρ.
141 2323 264 2381 441,
282 2323 338 2382 4,
363 2322 485 2381 459,
505 2322 559 2382 3,
590 2318 1056 2379 ἆπαυθαὸιάζεσθαι
1083 2338 1131 2383 p.
1158 2321 1281 2380 455,
1302 2323 1355 2382 1,
1388 2319 1768 2385 ὃιχογνωμονεῖν

75 2411 120 2456 Ρ.
155 2396 286 2455 459,
313 2396 367 2455 5,
413 2393 861 2458 ε’πιφιλοτιμεῖσθαι
907 2412 952 2456 Ρ.
987 2395 1118 2455 453,
1146 2387 1291 2460 161),
1332 2396 1768 2456 σωματοφυλακεῖν

75 2485 123 2529 Ρ.
142 2469 264 2528 466,
285 2470 376 2528 13,
399 2467 692 2533 ὑπογρύζειν
715 2484 762 2529 Ρ.
778 2470 900 2529 466,
923 2470 1013 2530 14,
1037 2466 1443 2533 ὑποτονθορίζειν
1466 2484 1511 2530 Ρ.
1531 2468 1654 2525 466,
1676 2468 1766 2525 15,

77 2540 417 2602 ὑποψελλίζειν
449 2559 496 2605 Ρ.
522 2544 645 2602 449,
666 2543 756 2602 18,
795 2542 925 2589 inter
969 2558 1094 2603 quae
1134 2558 1290 2604 aeque
1330 2544 1481 2604 atque
1523 2541 1575 2588 in
1607 2540 1766 2588 decla-

75 2618 295 2664 matione
317 2616 403 2663 XL
427 2619 599 2679 τριπλᾶ
624 2618 673 2663 et
697 2618 931 2680 τετραπλᾶ
961 2617 1364 2678 frequentissima
1395 2617 1524 2677 sunt,
1556 2617 1614 2661 ut
1637 2611 1766 2661 ἀντι·

77 2689 466 2753 καταβάλλεσθαι
483 2707 530 2752 Ρ.
549 2692 672 2749 441,
687 2691 779 2749 20,
803 2686 1082 2754 ἕπεγκαλεῑν
1098 2707 1145 2752 Ρ.
1165 2691 1288 2750 452,
1301 2693 1355 2751 1,
1372 2690 1766 2747 ξυναποστενοῦν

196 2832 239 2886 1)
271 2830 622 2874 Substantivum
670 2827 1032 2886 ἐπιφιλοτιμίαις
1076 2844 1225 2886 nuper
1264 2829 1538 2874 Croenertus
1578 2827 1767 2871 Jahres-

76 2887 204 2931 hefte
245 2889 325 2932 des
365 2879 535 2932 Osterr.
570 2889 705 2932 Areh.
745 2889 859 2931 Inst.
894 2888 1103 2932 Beiblatt
1134 2888 1175 2931 X
1216 2888 1300 2932 col.
1336 2892 1421 2932 100
1464 2886 1588 2930 male
1625 2886 1766 2936 titulo

76 2947 234 2990 Attico
268 2946 365 2991 CIG
389 2947 452 2990 III
475 2952 530 2991 23
562 2961 646 3003 pro
678 2948 754 2992 ἐπὶ
787 2945 1070 3003 φιλοτιμίαις
1102 2947 1349 2991 obtrudere
1379 2946 1543 2990 voluit.
