2020 3146
613 124 804 169 AVARI
832 122 1059 169 MORTIS
1090 122 1328 168 ΡΕΤΙΤΙΟ
1750 123 1820 175 29

124 283 195 317 τα
234 261 325 316 καὶ
363 262 532 315 πλείω
571 261 786 314 τούτων
823 258 1016 327 ἔλεγον
1055 260 1148 327 ἄν,
1197 260 1245 312 εἰ
1281 259 1421 327 πρὸς
1467 260 1607 328 ὑμᾶς
1645 257 1822 312 ἐδικα-

129 354 300 421 ζόμην
337 354 446 420 καί,
486 352 554 420 νὴ
595 352 707 403 Δία
745 369 824 418 γε,
864 347 1050 402 ἐλθὼν
1088 347 1176 401 ἐπὶ
1222 348 1321 402 τὸν
1369 355 1469 401 τοῦ
1508 346 1821 416 νομοθέτου

127 441 313 509 τάφον
344 440 520 507 ἐβόων
543 440 695 508 <dewy
736 435 778 491 ὦ
811 447 1016 507 τιμῶν
1048 438 1125 490 σὺ
1165 440 1427 490 πολλῶν
1465 436 1607 507 παρ’
1646 437 1824 506 ἡμῶν

127 529 497 598 τετυχηκὼς
544 529 651 581 διὰ
697 529 848 590 τοὺς
893 529 1137 595 νόμους
1181 525 1293 588 οὓς
1331 523 1619 596 ἔγραψας
1662 526 1823 594 πρὸς

128 626 453 671 τοσοῦτον
506 616 776 678 ἀτοπίας
828 612 1047 683 ἦλθες,
1110 613 1251 668 εἰπέ
1309 634 1440 683 μοι,
1502 615 1608 667 καὶ
1670 614 1823 667 ἀπο·
1870 634 1891 667 5

130 706 404 775 πληξίας
453 703 594 759 ὥστ’
641 705 763 758 ἀπὸ
812 705 1145 757 τοσούτων
1190 712 1262 773 τῇ
1308 706 1498 757 πόλει
1543 710 1826 757 τοσαῦτα

133 797 418 865 διδόναι;
458 795 487 848 ὁ
528 794 595 848 δέ
628 814 723 861 μοι
762 795 917 847 δοκεῖ
943 792 1049 846 κᾶν
1080 790 1239 862 ῥῆξαι
1271 795 1484 862 φωνήν,
1523 792 1673 863 εἴπερ
1707 784 1826 846 οἶόν

132 905 192 938 τε
229 881 323 953 ἦν,
364 885 436 947 ὡς
484 884 557 937 οὐ
604 889 806 936 ταῦτα
854 882 1209 952 ἐφρόνουν,
1250 881 1382 935 ἀλλ’
1429 881 1598 951 ὁρῶν
1644 894 1827 943 τινάς

132 975 516 1043 θησαυροὺς
554 972 919 1040 ὑπερφυεῖς
958 971 1076 1024 οὐκ
1115 971 1384 1038 ὀλίγους
1423 969 1828 1040 εὑρημένους

133 1063 301 1116 οὕτω
342 1069 542 1116 ταῦτα
583 1060 839 1129 ἐτίθην,
885 1060 1230 1129 θησαυρὸν
1277 1057 1344 1113 δὲ
1391 1062 1828 1121 πεντακοσίας
1851 1080 1895 1112 10

133 1152 423 1221 δραχμὰς
462 1151 578 1204 οὐκ
616 1152 888 1218 ἤλπιζον
922 1147 930 1217 Ι
964 1151 1249 1201 ἔσεσθαι.
1295 1157 1457 1202 νοῦν
1508 1146 1576 1202 δὲ
1617 1148 1645 1202 ὁ
1691 1152 1915 1197 RIV211

133 1243 338 1310 δῆμος
376 1237 508 1309 ἔχει
546 1238 652 1292 καὶ
691 1240 760 1292 τὸ
801 1237 1094 1308 ἐκφυγόν
1132 1257 1205 1307 με
1244 1243 1500 1292 εἴσεται.

249 1329 334 1382 38.
383 1333 620 1382 Τοιαῦτα
658 1327 776 1397 μέν,
827 1329 876 1380 εἰ
930 1327 1078 1390 ὅπως
1120 1328 1202 1395 μὴ
1258 1328 1419 1396 δοίην
1466 1327 1829 1395 ἠγωνιζόμην,

137 1421 330 1486 ἔλεγον
369 1419 454 1486 ἄν,
495 1416 811 1484 δεδομένων
850 1413 912 1470 δὲ
957 1414 1049 1469 καὶ
1099 1415 1369 1485 κειμένων
1413 1425 1524 1469 τῶν
1571 1417 1831 1486 δραχμῶν

137 1506 228 1561 καὶ
273 1511 525 1575 τελευτῆς
573 1506 984 1575 ἐπιθυμοῦντος
1029 1504 1164 1574 ἐμοῦ
1211 1506 1291 1568 τίς
1332 1504 1360 1558 ὁ
1407 1506 1596 1574 καιρὸς
1634 1505 1667 1572 ἢ
1704 1505 1830 1557 τού-
1856 1524 1897 1556 15

136 1617 268 1659 τους
306 1597 442 1666 πρὸς
482 1593 573 1662 ἐμὲ
611 1603 712 1649 τοῦ
752 1597 926 1664 νόμου
966 1600 1281 1662 μεμνῆσθαι
1320 1593 1353 1663 ἢ
1394 1591 1487 1662 ἐμὲ
1534 1597 1711 1662 ζητεῖν
1749 1595 1832 1656 τίς

137 1686 169 1747 ὁ
209 1692 343 1747 νοῦς
381 1693 492 1737 τῶν
531 1685 886 1755 γραμμάτων;
925 1691 1108 1752 τιμαῖς
1139 1682 1461 1751 ἀντιλεγέτω
1495 1702 1576 1745 τις
1608 1681 1830 1752 ἐπιλαμ-

138 1776 448 1842 βανόμενος
486 1782 598 1826 τῶν
637 1774 921 1842 αἰτήσεων,
962 1773 1035 1835 ὡς
1074 1770 1243 1825 οὐδὲν
1289 1772 1507 1839 ἀγαθὸν
1548 1770 1831 1840 εἰργασμέ-

138 1883 236 1925 νος
297 1862 326 1916 ὁ
389 1863 692 1932 ἄνθρωπος
754 1858 916 1924 οὗτος
976 1860 1064 1915 ἐπὶ
1127 1862 1342 1931 δωρεὰν
1403 1857 1499 1929 ἧκε
1558 1861 1661 1929 τὴν
1720 1869 1832 1913 τῶν

139 1951 372 2019 ἀγαθῶν
410 1951 651 2021 ἀνδρῶν,
690 1957 765 2023 τῷ
799 1948 860 2004 δὲ
900 1953 996 2019 ζῆν
1035 1950 1101 2003 οὐ
1142 1949 1462 2022 βουλομένῳ
1495 1948 1831 2019 συμπραττέ--
1856 1970 1899 2002 20

260 2057 284 2095 7
318 2051 374 2096 cf.
409 2052 619 2108 Wemer,
650 2052 719 2096 De
750 2052 939 2096 Libanii
971 2051 1140 2095 studiis
1172 2050 1449 2095 Herodoteis
1481 2065 1526 2107 p.
1553 2055 1609 2095 88

261 2146 287 2184 2
321 2140 363 2198 γ’
395 2142 468 2185 Ρα
498 2141 600 2184 Mor
630 2140 698 2184 Re
842 2144 867 2183 3
900 2140 960 2185 ἄν
991 2140 1167 2184 inserui
1237 2154 1313 2183 om
1342 2139 1455 2184 libri
1486 2139 1578 2183 edd
1612 2142 1619 2194 Ι
1654 2142 1834 2184 πολλῶν

142 2201 199 2244 σὺ
224 2201 299 2244 La
349 2202 354 2258 Ι
403 2198 519 2256 παρ’
554 2200 683 2258 ἡμῶν
715 2213 789 2243 om
815 2201 859 2243 B
981 2205 1006 2243 5
1039 2198 1114 2245 ἐπ’
1151 2199 1251 2256 ἐμοὶ
1276 2201 1351 2243 La
1471 2204 1497 2242 6
1528 2199 1705 2242 τούτων
1738 2199 1791 2244 ΟΖ
1824 2200 1831 2255 Ι

139 2267 345 2304 τοσαῦτα
367 2267 421 2317 τῇ
451 2258 581 2304 πόλει
608 2259 736 2304 ClLa
795 2266 997 2303 τοσαῦτα
1029 2259 1195 2316 scripsi
1227 2272 1251 2302 e
1278 2259 1456 2304 ClLaB
1489 2272 1594 2301 oum
1624 2258 1835 2302 Iacobsio

143 2319 257 2363 Leciz
287 2323 344 2362 98
376 2321 423 2363 et
454 2318 611 2362 Gasda
687 2325 880 2362 τοιαῦτα
905 2320 1103 2364 LPaVa
1143 2318 1225 2362 sed
1257 2318 1306 2361 in
1346 2318 1434 2362 hoc
1473 2318 1598 2362 inser
1628 2317 1710 2370 ω’,
1744 2317 1835 2361 edd

264 2382 287 2421 7
321 2378 523 2423 κελεύειν
554 2380 662 2434 post
692 2375 880 2422 διδόναι
910 2377 1208 2421 inserendum
1240 2377 1344 2420 coni
1377 2376 1535 2421 Gasda
1562 2378 1568 2434 Ι
1608 2375 1756 2432 ωσπερ
1784 2376 1837 2420 Ol

149 2439 153 2495 Ι
191 2433 291 2481 οἶόν
316 2438 362 2481 Β
423 2434 522 2487 οἶός
553 2437 619 2480 Re
757 2441 783 2479 8
814 2434 860 2480 τ’
889 2438 964 2481 La
1006 2438 1012 2494 Ι
1054 2432 1112 2493 ἦν
1143 2437 1268 2480 inser
1292 2438 1367 2481 La
1399 2429 1525 2480 sed
1528 2453 1556 2480 ν
1579 2450 1616 2492 p
1648 2438 1696 2480 eb
1725 2453 1754 2492 η
1786 2435 1835 2478 in

143 2469 219 2540 'ras
250 2497 280 2550 f
321 2499 327 2553 Ι
381 2498 564 2552 „malim
601 2497 736 2541 verba
773 2498 839 2541 sic
875 2498 1014 2541 strui:
1064 2493 1161 2540 ἀλλ’
1200 2495 1322 2551 ὁρῶν
1350 2496 1446 2569 ,ουκ
1488 2493 1668 2551 ὀλίγους
1704 2494 1837 2545 τινὰς

143 2556 417 2610 θησαυρους
446 2556 698 2612 ὑπερφυεῖς
730 2554 1035 2659 εὑρηέιένους“
1070 2555 1138 2599 Re
1180 2556 1187 2612 Ι
1232 2552 1363 2599 ταῦτ’
1394 2556 1437 2598 L
1560 2559 1613 2597 13
1645 2553 1730 2610 μέν
1761 2567 1837 2597 om

146 2616 219 2659 Pa
342 2620 397 2658 14
429 2615 509 2658 καὶ
542 2616 651 2658 ante
684 2617 828 2670 δεὸομ
854 2631 949 2659 νων
973 2616 1046 2659 Ρα
1169 2619 1223 2657 15
1256 2614 1401 2658 αὐτοῦ
1433 2630 1522 2669 μου
1548 2616 1620 2658 Ρα
1644 2613 1746 2656 Mor
1768 2613 1837 2656 Re

151 2675 155 2731 Ι
189 2673 357 2717 τούτου
382 2675 457 2718 Ρα
486 2674 589 2717 Mor
711 2678 764 2717 17
796 2681 858 2718 τῶ
890 2674 911 2716 ἐ
915 2673 1114 2729 φιεμένω
1147 2675 1258 2717 autre
1282 2680 1415 2729 τιμῆς
1438 2674 1563 2717 inser
1587 2673 1687 2716 Lan
1721 2676 1727 2724 Ι
1756 2674 1837 2715 ἀν-

146 2730 327 2789 τιλέγως
359 2749 428 2784 τις
451 2733 524 2777 Ρα
555 2732 657 2776 Mor
689 2733 769 2776 sed
800 2733 850 2775 in
880 2732 970 2776 hoc
1001 2750 1055 2789 γρ
1089 2731 1357 2788 ἀντιλεγέτω
1388 2749 1458 2783 τις
1487 2732 1537 2774 in
1568 2745 1702 2788 marg
1728 2733 1734 2788 Ι
1767 2730 1838 2780 τίς

148 2792 304 2835 LaVa
427 2796 481 2835 18
514 2793 594 2836 καὶ
626 2794 735 2835 ante
766 2792 828 2842 ὡς
857 2791 1156 2835 inserendum
1188 2791 1294 2834 coni
1325 2790 1483 2835 Gasda
1532 2793 1539 2848 Ι
1585 2790 1671 2847 τὴν
1702 2788 1837 2834 πόλιν

147 2851 256 2905 post
293 2849 592 2906 εἰργασμένος
615 2852 691 2895 La
813 2855 867 2895 19
901 2850 1160 2906 ἐπιδωρεὰν
1185 2851 1260 2894 La
1309 2852 1315 2903 Ι
1363 2850 1449 2906 τὴν
1479 2849 1605 2893 inser
1630 2851 1701 2894 Pa
1762 2862 1837 2891 om

158 2908 229 2951 Va
348 2913 404 2952 20
435 2910 658 2954 δεικνύτω
689 2911 797 2966 post
829 2910 1032 2965 ἀνδρῶν,
1064 2910 1165 2953 Mor
1196 2909 1278 2953 sed
1310 2924 1385 2953 om
1417 2926 1472 2966 γρ
1504 2910 1554 2951 in
1584 2921 1738 2963 marg,
1771 2907 1837 2949 Re

4 2969 13 3026 Ι
155 2966 161 3024 Ι
198 2966 609 3023 συμπραττέτωσαν
634 2970 677 3012 L
710 2969 791 3012 sed
823 2985 909 3024 ρατ
940 2982 1042 3012 con·
1072 2968 1143 3011 m²
