2014 3158
1014 603 1178 658 XLV.

258 722 379 784 Τὰς
424 724 696 785 πλείους
741 725 1005 792 ψήφους
1058 734 1326 793 κρατεῖν
1381 726 1581 791 νόμος
1629 724 1943 779 ἐκέλευεν.

249 807 402 863 ἑπτὰ
450 811 774 864 δικαστῶν
821 812 940 864 δύο
988 810 1408 880 κατέγνωσαν
1453 814 1774 883 θάνατον,
1825 815 1943 867 δύο

248 897 538 968 ἀτιμίαν,
600 909 776 968 τρεῖς
840 903 1071 969 φυγήν.
1134 899 1308 965 ἀξιοῖ
1369 903 1648 971 φεύγειν
1709 902 1738 956 ὁ
1796 923 1943 956 κατ-

879 1009 990 1058 εγν
1001 1010 1042 1042 ω
1054 1004 1087 1043 σ
1095 1011 1133 1057 μ
1144 989 1173 1043 ε’
1178 1010 1251 1044 νο
1264 1011 1303 1053 ς.

202 1171 221 1204 5
887 1142 949 1190 Π
954 1158 983 1208 ρ
996 1158 1025 1191 ο
1036 1143 1080 1190 θ
1090 1158 1114 1191 ε
1125 1158 1166 1191 ω
1178 1159 1209 1207 ρ
1221 1141 1247 1191 ί
1251 1158 1300 1191 α.

155 1259 197 1302 R
212 1259 278 1303 IV
294 1263 378 1303 502
543 1255 589 1308 1.
628 1257 856 1310 Μεστὸν
907 1257 1127 1319 πάθους
1179 1255 1269 1310 καὶ
1325 1258 1565 1326 ἀγωνίας
1617 1259 1679 1311 τὸ
1727 1260 1942 1328 ζήτημα.

247 1344 313 1396 οὐ
360 1345 465 1414 γὰρ
507 1342 590 1398 ἐπ’
634 1344 859 1414 ἀδήλοις
903 1354 1019 1408 τοῖς
1066 1345 1423 1415 ἀδικήμασιν,
1471 1344 1587 1400 ἀλλ’
1635 1345 1723 1400 ἐπὶ
1774 1366 1942 1416 φανε-

248 1442 366 1501 ροῖς
405 1433 433 1486 ὁ
474 1432 652 1502 λέγων
697 1444 935 1487 ποιεῖται
982 1435 1083 1503 τὴν
1129 1435 1426 1503 πρόσοδον.
1475 1434 1791 1504 ἐλήλεγκται
1836 1437 1941 1506 γὰρ

244 1530 539 1591 πανταχοῦ.
595 1522 735 1575 ὅθεν
772 1521 914 1591 μίξει
951 1530 1027 1594 τῷ
1067 1524 1213 1595 λόγῳ
1253 1523 1466 1594 δάκρυα
1503 1525 1605 1592 τὴν
1643 1525 1942 1595 συμφορὰν

365 1683 412 1727 P
476 1706 530 1719 Ξ
556 1682 795 1727 Parisinus
828 1697 895 1740 gr.
922 1686 1038 1726 3018

367 1743 427 1786 Μ
479 1765 533 1778 =
559 1742 825 1786 Marcianus
856 1757 923 1800 gr.
950 1746 1036 1786 439

363 1802 458 1845 Ath
477 1824 530 1838 Ξ
555 1802 738 1845 Athous
770 1802 951 1846 Laurae
987 1802 1028 1846 S.
1060 1802 1310 1846 Asshanasii
1343 1805 1386 1846 Ω
1414 1807 1499 1847 123

366 1862 455 1905 Μα
476 1883 530 1897 =
555 1860 846 1905 Matritensis
877 1865 1009 1916 4679,
1044 1861 1157 1906 olim
1190 1861 1332 1905 N-49

367 1920 419 1964 Ol
473 1942 528 1956 =
554 1919 867 1964 Berolinensis
899 1937 966 1978 gr.
994 1925 1094 1975 195,
1127 1920 1239 1964 olim
1272 1920 1655 1966 Claromontanus

363 1980 409 2023 B
471 2001 525 2015 =
551 1979 832 2024 Barberinus
855 1980 900 2024 H
922 1984 993 2035 41,
1027 1994 1150 2023 nunc
1184 1980 1437 2024 Vaticanus
1469 1981 1605 2025 Barb.
1634 1984 1719 2024 220

372 2038 440 2082 Va
474 2060 528 2074 =
554 2038 811 2083 Vaticanus
842 2054 910 2096 gr.
937 2043 991 2083 82

365 2190 388 2228 1
421 2185 539 2243 ΡΙατ,
564 2184 655 2242 leg.
671 2185 733 2229 IX
758 2202 801 2243 p.
822 2190 907 2230 856
926 2185 959 2229 C
1082 2191 1106 2229 6
1140 2187 1198 2231 cf.
1223 2188 1256 2230 t.
1275 2186 1338 2230 VI
1364 2190 1462 2240 578,
1480 2191 1506 2230 8
1629 2192 1655 2231 8
1688 2186 1745 2231 cf.
1769 2201 1814 2243 p.
1834 2190 1935 2242 530,

245 2249 284 2289 8.
318 2245 452 2288 Isoer.
486 2245 653 2301 Areop.
689 2251 713 2299 ξ
742 2250 763 2288 1
797 2261 841 2302 p.
870 2250 969 2300 140,
995 2260 1023 2290 a
2013 2258 2014 2282 ἐ

365 2398 387 2436 1
411 2390 550 2448 Ὅρος
580 2392 631 2436 τὸ
664 2392 849 2449 ζήτημα.
883 2395 993 2437 ante
1030 2393 1125 2443 Τὰς
1156 2394 1286 2448 Fen,
1320 2392 1521 2451 Μελέτη,
1557 2391 1802 2445 Ὗπόθεσις
1831 2394 1935 2437 Mor

242 2451 311 2495 Re
374 2451 523 2495 delevi
551 2452 557 2509 Ι
585 2451 726 2508 νόμος
756 2451 934 2496 ἐκέλευε
965 2452 1048 2503 τὰς
1077 2450 1265 2503 πλείους
1294 2452 1488 2509 ψήφους
1518 2459 1704 2508 κρατεῖν
1730 2454 1889 2497 Varubr
1923 2454 1927 2511 Ι

242 2511 351 2562 τοὺς
376 2511 428 2555 Ol
454 2515 460 2567 Ι
490 2510 512 2554 ὁ
547 2513 655 2554 ante
687 2509 829 2567 νόμος
854 2512 898 2554 Β
1021 2517 1045 2554 2
1079 2512 1295 2555 δικασταὶ
1320 2514 1365 2556 Β
1393 2512 1398 2570 Ι
1425 2511 1550 2563 τινὸς
1582 2513 1691 2555 ante
1715 2511 1931 2556 θάνατον

242 2571 287 2613 Β
431 2575 459 2613 4
488 2568 624 2625 ’Ὅρος
661 2570 712 2614 τὸ
753 2569 927 2626 ζήτημα
965 2572 1072 2626 post
1103 2568 1476 2628 κατεγνωσμένος
1507 2571 1607 2614 Mor
1637 2571 1706 2614 Re
1782 2570 1933 2614 delevi

362 2634 387 2672 5
422 2627 707 2684 Προθεωρία
746 2643 820 2673 om
853 2631 922 2673 Va
992 2628 1172 2684 θεωρία
1200 2631 1252 2675 Ol
1289 2632 1337 2673 et
1375 2631 1424 2673 in
1463 2644 1596 2686 marg
1619 2631 1805 2674 AthMa
1874 2627 1937 2672 Ἡ

242 2687 515 2742 προθεωρία
547 2688 658 2731 Feri·
801 2693 824 2731 7
859 2687 1050 2742 ἀδήλοις
1082 2690 1152 2733 Va
1183 2689 1264 2732 sed
1296 2692 1351 2745 ηλ
1381 2689 1431 2732 in
1462 2702 1536 2731 ras
1568 2688 1638 2730 ω’
1773 2693 1798 2731 8
1831 2703 1933 2731 ποι-

242 2754 361 2790 εῖται
381 2748 441 2790 Μ
462 2747 543 2790 sed
567 2764 643 2790 ται
667 2746 761 2790 add
784 2746 854 2789 m²
913 2755 1067 2792 ποιεῖν
1086 2748 1138 2791 Ol
1165 2750 1171 2805 Ι
1197 2746 1433 2803 πρόσοδον
1458 2747 1623 2803 scripsi
1648 2762 1751 2791 oum
1777 2746 1932 2790 Gasda

243 2805 333 2848 coll
356 2805 404 2850 11.
430 2805 479 2849 11.
543 2804 747 2861 πρόοδον
786 2805 894 2849 libri
927 2807 1018 2849 edd
1140 2811 1164 2849 9
1198 2805 1314 2852 ὅθεν
1340 2821 1414 2850 om
1441 2807 1741 2851 MAthMaOl
1753 2807 1819 2850 Va
1849 2805 1930 2849 sed

241 2864 290 2907 in
321 2864 410 2907 hoc
440 2865 520 2908 καὶ
552 2865 600 2907 in
631 2878 765 2922 marg
787 2864 912 2907 inser
935 2865 1003 2907 111²
1053 2867 1059 2920 Ι
1109 2863 1227 2921 μίξει
1252 2867 1340 2910 Μα
1365 2865 1446 2909 sed
1478 2882 1528 2908 αι
1560 2880 1699 2921 supra
1731 2881 1771 2909 ει
1801 2863 1871 2907 m²

242 2923 446 2980 μιγνύων
474 2924 534 2965 Μ
