2014 3158
634 100 810 146 CAECI
841 98 981 145 FILII
1010 101 1314 146 APOLOGIA
1717 102 1824 155 695

128 240 233 308 τὴν
272 239 500 292 εὔνοιαν
540 235 602 290 δὲ
641 241 854 307 μᾶλλον
886 236 1349 305 ἐπιδεικνύμενος.
1389 238 1492 291 οὐκ
1522 237 1828 307 ἠδυνήθης,

122 325 166 381 ὦ
206 328 400 396 πάτερ,
448 326 783 394 δυσμένειαν
828 327 968 396 πρὸς
1013 327 1152 396 ἡμᾶς
1197 327 1624 396 ὑποκρίνασθαι.
1671 347 1825 380 κατε-

121 418 287 485 νόησε
333 417 436 485 τὴν
486 417 590 483 σὴν
638 418 964 486 προαίρεσιν
1010 416 1044 484 ἡ
1090 426 1282 469 πασῶν
1329 416 1466 485 αὕτη
1517 436 1824 485 κακουργο-

122 507 269 573 τάτη.
325 503 397 558 δι’
452 505 782 574 ἀμφοτέρων
830 501 935 559 οὖν
982 502 1088 558 ὦσε
1123 509 1130 571 Ι
1166 506 1226 558 τὸ
1274 505 1455 575 ξίφος,
1511 503 1644 574 κάμὲ
1693 511 1913 555 RIV‘168

122 595 228 662 γὰρ
268 592 473 663 ἔτρωσε
512 593 891 664 καιριωτέραν,
930 593 1022 646 καὶ
1062 602 1158 662 τῆς
1198 594 1366 662 αὐτῆς
1404 597 1618 664 πληγῆς
1656 593 1824 663 ἔργον
1872 618 1891 650 5

121 683 424 753 ἀμφότεροι
483 686 845 752 γεγενήμεθα.
905 687 963 736 τί
1012 685 1116 751 γὰρ
1173 683 1517 752 ἀναισθήτου
1577 685 1826 751 σώματος

123 774 440 842 διενήνοχας
479 775 536 826 τί
573 772 638 826 δέ
672 793 766 841 μοι
805 783 920 835 τοῖς
957 776 1085 837 ζῶσι
1123 774 1383 842 πρόσεστι
1415 776 1824 842 παραπλήσιον;

126 862 211 915 87.
244 864 421 931 μόνην
459 864 561 930 τὴν
600 862 868 930 αἴσθησιν
906 859 1011 931 ἔχω
1052 872 1164 915 τῶν
1204 864 1424 915 οἰκείων
1463 861 1827 932 ἀτυχημάτων

123 950 214 1003 καὶ
261 953 364 1020 τὴν
411 961 621 1019 γνῶσιν
666 961 779 1004 τῶν
823 953 1134 1004 καλλίστων
1181 951 1533 1022 ἀφῃρημένος
1587 948 1714 1005 οἶδα
1759 953 1827 1004 τὰ

124 1039 225 1108 ἐμὰ
257 1042 661 1110 δυστυχήματα.
693 1042 795 1109 τὴν
826 1039 1031 1111 μητέρα
1062 1040 1197 1109 πυρὶ
1232 1040 1633 1109 δαπανωμένην
1665 1039 1824 1094 ἐθεα-
1851 1062 1893 1095 ιο

125 1129 306 1198 σάμην
352 1131 444 1183 καὶ
490 1131 596 1199 πρὸ
644 1137 741 1198 τῆς
787 1129 924 1193 θέας
971 1130 1182 1199 ἐκείνης
1228 1140 1338 1183 τῶν
1389 1130 1703 1200 ὀφθαλμῶν
1741 1129 1827 1184 ἐκ·

121 1230 313 1273 πεσεῖν
367 1218 499 1272 δέον
551 1228 882 1288 παραχρῆμα
935 1220 1278 1288 θεασάμενος
1332 1219 1603 1272 κάκείνων
1657 1235 1827 1289 προσ-

126 1307 438 1379 αφῃρέθην.
479 1310 690 1376 τυφλὸς
722 1310 1018 1377 γενόμενος
1049 1310 1150 1377 τὴν
1182 1316 1282 1362 τοῦ
1314 1309 1519 1377 πατρὸς
1551 1309 1828 1376 σωτηρίαν

126 1398 323 1466 ι”κανὴν
363 1391 516 1466 εἶχον
563 1401 943 1466 παραμυθίαν.
993 1391 1070 1460 εἷς
1115 1394 1187 1465 ἦν
1232 1418 1327 1467 μοι
1368 1398 1566 1451 λοιπὸν
1611 1397 1828 1466 ὀφθαλ-

123 1489 223 1556 μὸς
278 1485 366 1539 καὶ
422 1487 711 1549 κάλλιστος
767 1486 795 1540 ὁ
850 1489 1042 1555 πατήρ.
1097 1488 1188 1540 καὶ
1234 1495 1436 1540 τοῦτον
1488 1488 1826 1555 πεπήρωμαι.
1851 1508 1893 1540 15

126 1576 212 1630 88.
252 1577 490 1644 περίειμι
539 1576 601 1629 δὲ
649 1585 957 1644 συμφορῶν
1003 1577 1322 1645 ὑπόμνημα,
1376 1575 1653 1644 μεγέθους
1699 1575 1827 1628 ἀτυ-

126 1665 397 1735 χημάτων.
452 1665 552 1718 τὸν
590 1664 1035 1734 δυστυχέστατον
1075 1664 1144 1717 ἂν
1183 1665 1327 1719 εἴποι
1366 1685 1465 1728 τις.
1511 1665 1610 1717 τὸν
1647 1665 1829 1732 πηρὸν

126 1755 362 1817 ἅπαντες
415 1753 763 1822 ὀνομάζουσι.
811 1755 912 1806 τὸν
956 1755 1138 1823 πηρὸν
1184 1756 1232 1807 εἰ
1287 1754 1438 1822 λέγοι
1491 1772 1598 1821 τις,
1654 1754 1829 1822 δηλώ-

126 1858 209 1896 σει
262 1844 364 1896 τὸν
416 1845 815 1912 βαρυδαίμονα.
864 1845 924 1896 τὸ
972 1853 1084 1896 τῶν
1131 1852 1439 1912 συμφορῶν
1485 1841 1829 1911 ἀνυπέρβλη-

124 1952 224 1986 τον
279 1931 454 1999 ὄνομά
506 1952 601 1999 μοι
654 1940 756 1985 τοῦ
817 1935 1071 2002 πρόσθεν
1125 1932 1412 2001 γεγένηται
1471 1932 1827 2000 κυριώτερον.
1851 1951 1895 1986 ιο

126 2021 420 2088 ἐπώνυμον
451 2023 556 2091 γὰρ
590 2021 955 2091 ἀτυχημάτων
984 2025 1325 2091 πεποίηνται.
1374 2021 1460 2074 89.
1490 2019 1583 2073 καὶ
1624 2024 1828 2073 συναλ-

246 2246 271 2284 2
304 2241 456 2298 πατὴρ
493 2242 549 2285 Vi
597 2243 604 2298 Ι
655 2240 1000 2296 ὑποκρίνεσθαι
1026 2242 1173 2287 ΜαΟί
1294 2247 1319 2285 3
1351 2240 1707 2297 πανουργοτάτη
1733 2241 1828 2285 Ath

244 2305 272 2343 4
304 2300 384 2344 καὶ
416 2302 524 2344 antae
558 2298 625 2346 δι’
653 2303 748 2346 Ath
797 2304 804 2357 Ι
855 2298 940 2346 οὖν
972 2315 1048 2345 om
1075 2302 1222 2347 Maoz
1280 2309 1396 2359 γοῦν
1420 2302 1578 2345 AthM
1608 2300 1709 2343 Mor

125 2365 152 2404 5
186 2359 323 2416 ἔργον
355 2373 431 2403 om
455 2360 581 2404 BVa
704 2365 727 2403 7
762 2359 1011 2415 προσέσται
1036 2362 1124 2406 Μα
1157 2361 1238 2404 sed
1263 2359 1478 2414 πρόσεστι
1506 2373 1721 2415 suprascr
1743 2358 1827 2413 m⁸‚

126 2420 182 2465 Ol
302 2423 328 2462 8
363 2417 547 2463 οἰκείων
580 2420 638 2464 Vi
669 2421 749 2463 sed
785 2419 976 2465 ἐκείνων
1006 2419 1056 2464 in
1087 2434 1220 2474 marg
1244 2419 1315 2463 m'
1437 2423 1461 2462 9
1493 2418 1616 2475 τάμὰ
1643 2419 1829 2463 MaAth

247 2482 302 2521 10
335 2478 679 2534 δαπανωμένην
710 2480 825 2535 πυρὶ
858 2481 917 2524 Vi
1060 2485 1115 2524 12
1155 2477 1403 2529 κάκείνους
1442 2478 1540 2534 (sed
1581 2495 1646 2521 ων
1686 2491 1828 2534 supra.

125 2554 208 2593 οης
240 2537 324 2591 m⁸)
357 2536 732 2594 προσαφηρέθην
763 2546 1047 2596 παραχρῆμα
1074 2539 1370 2595 θεασάμενος
1403 2538 1460 2582 Vi
1582 2541 1637 2580 14
1669 2534 1830 2587 λοιπὸς

126 2597 318 2642 BVaM
340 2595 441 2640 Mor
565 2602 618 2639 15
650 2597 818 2642 τούτου
843 2598 946 2641 Mor
1068 2603 1122 2642 16
1148 2597 1378 2654 μεγέθους
1402 2595 1567 2652 scripsi
1629 2596 1829 2653 μέγεθος

126 2655 237 2700 libri
269 2654 360 2699 edd
437 2657 624 2708 „malim
657 2651 692 2699 ὦ
717 2655 945 2713 μέγεθος“
970 2657 1038 2701 Re
1185 2661 1238 2700 17
1281 2655 1405 2700 εἴποι
1445 2655 1611 2711 scripsi
1644 2669 1700 2699 ex
1728 2656 1787 2699 Η
1791 2655 1833 2698 V

136 2714 487 2759 VtMaGlAthB
499 2716 568 2759 Va
640 2714 747 2774 εἴπῃ
775 2718 835 2760 Μ
864 2716 955 2759 edd
983 2719 990 2772 Ι
1017 2714 1087 2767 τίς
1112 2716 1352 2760 HMaAth
1380 2717 1386 2770 Ι
1412 2714 1623 2770 πονηρὸν
1657 2713 1828 2769 ὀνομά-

126 2778 284 2827 ζουσιν
318 2771 521 2825 ἅπαντες
545 2775 650 2818 HV
775 2780 828 2819 18
862 2776 1071 2831 πονηρὸν
1095 2776 1154 2819 H
1159 2776 1229 2831 Vl
1257 2772 1302 2818 δ’
1340 2773 1381 2818 εἰ
1405 2775 1532 2818 BVa
1559 2777 1565 2829 Ι
1593 2771 1713 2830 λέγει
1737 2774 1829 2817 Μα

128 2862 183 2907 ΟΖ
242 2848 370 2919 λέγὲιι
397 2863 467 2906 Va
542 2860 692 2919 λέγοις
717 2864 822 2908 HV
866 2865 872 2920 Ι
921 2862 991 2914 τίς
1014 2864 1109 2908 Ath
1178 2877 1253 2907 om
1278 2863 1385 2907 HV
1427 2863 1433 2920 Ι
1483 2863 1704 2918 δηλώσεις
1726 2862 1835 2907 HV

246 2926 298 2964 21
334 2919 613 2977 πεποίηταιῖ
640 2923 648 2977 Ι
673 2922 915 2979 τάτύχημα
937 2926 1002 2983 τῷ
1027 2921 1310 2979 ἀτυχήσαντι
1333 2919 1612 2978 πεποίηνται
1636 2921 1742 2965 coni
1758 2921 1826 2964 Re
