2044 3168
882 359 1125 414 XXXIX.

162 481 345 548 Φήμη
394 475 472 547 ἦν
520 489 822 535 συνεῖναι
875 480 988 533 τὸν
1034 484 1277 550 πατέρα
1322 487 1392 549 τῇ
1448 487 1562 532 τοῦ
1616 480 1850 542 παιδὸς

156 570 436 636 γυναικί.
500 570 700 635 νόμον
755 566 995 637 ἔθηκεν
1049 568 1078 622 ὁ
1131 568 1340 638 πατὴρ
1402 566 1644 631 ἐξεῖναι
1697 570 1850 631 τοὺς

155 658 393 720 παῖδας
448 657 756 725 ἀκρίτους
817 656 1308 713 ἀποκτιννύναι.
1371 660 1601 727 τίθησι
1657 657 1763 710 καὶ
1818 656 1847 711 ὁ

154 756 307 809 παῖς
379 748 601 813 νόμον
657 744 900 810 ἐξεῖναι
973 748 1126 809 τοὺς
1192 748 1467 815 μοιχοὺς
1539 746 1849 816 ἀκρίτους

758 834 1252 888 ἀποκτιννύναι.
1894 856 1915 889 ⁵

791 966 897 1038 <H
928 967 1209 1037 μελέτη).

271 1073 314 1124 1.
347 1068 565 1141 Ἐπειδὴ
605 1080 700 1142 τῆς
730 1081 841 1153 τῶν
872 1072 1015 1126 νέων
1047 1072 1340 1141 εὐκοσμίας
1370 1090 1666 1141 πεφροντι-
1712 1077 1834 1122 RIV
1850 1082 1935 1122 568

153 1159 308 1214 κε’ναι
340 1160 514 1230 φησὶν
546 1160 574 1214 ὁ
607 1162 785 1230 πατὴρ
819 1163 912 1214 διὰ
950 1168 1050 1214 τοῦ
1085 1164 1284 1234 νόμου,
1325 1160 1560 1225 δέξασθε
1589 1162 1681 1215 καὶ
1711 1160 1849 1231 παρ’

275 1276 335 1321 Cr
429 1299 485 1315 =
511 1277 667 1321 Codex
697 1276 1152 1333 Hierosolymitanus
1186 1276 1228 1321 S.
1264 1276 1423 1322 Crucis
1449 1282 1504 1320 57

275 1337 325 1380 Η
430 1359 485 1374 =
510 1337 965 1393 Hierosolymitanus
999 1336 1042 1381 S.
1076 1336 1290 1394 Sepulcri
1322 1341 1407 1381 107

277 1397 361 1441 Mo
435 1419 491 1433 =
517 1396 810 1441 Monacensis
842 1411 910 1454 gr.
939 1400 1022 1440 113

275 1457 364 1500 Ma
434 1478 489 1492 =
515 1455 806 1501 Matritensis
839 1460 954 1501 4679
988 1458 1062 1512 (=
1087 1455 1243 1512 N-49)

274 1516 326 1560 Ol
431 1538 486 1552 =
511 1514 794 1560 Bodleianus
826 1514 955 1559 Misc.
982 1519 1067 1559 208
1100 1514 1213 1559 olim
1245 1513 1629 1559 claromontanus

276 1576 333 1619 M
432 1597 487 1611 =
511 1575 779 1619 Marcianus
810 1590 878 1633 gr.
904 1579 991 1618 439

272 1635 408 1680 Lawr
432 1656 487 1671 =
514 1635 859 1679 Laurentianus
890 1634 1016 1679 LVII
1038 1638 1093 1677 47

273 1696 308 1738 I
432 1716 487 1730 =
512 1693 966 1751 Hierosolymitanus
1000 1693 1044 1737 S.
1077 1693 1290 1750 Sepulcri
1324 1697 1376 1736 79

274 1754 318 1796 Β
433 1775 488 1790 =
506 1753 797 1797 -Barberinus
827 1754 871 1797 H
894 1759 949 1798 41
982 1752 1152 1811 (Vatic.
1185 1752 1321 1796 Barb.
1348 1755 1451 1811 220)

271 1863 294 1901 1
330 1856 715 1915 ἐσχηματισμένος
738 1854 841 1901 κατ’
870 1857 1277 1913 ἔμφασιν-Μανιῶν
1337 1856 1387 1901 ἐν
1417 1856 1563 1915 τούτῳ
1587 1859 1649 1914 τῷ
1675 1853 1842 1913 ρηθέν-

151 1934 196 1961 τι
221 1919 315 1975 (om
339 1919 444 1974 Ma)
477 1915 595 1976 λόγῳ
627 1923 914 1974 παρατηρεῖν
938 1915 1073 1969 ἄξιον
1098 1914 1223 1967 ὅπως
1245 1916 1319 1960 ἀεὶ
1348 1914 1716 1974 ἐσχηματισμένῳ
1739 1913 1844 1971 τρό-

149 1992 221 2034 πῳ
254 1975 278 2020 ὁ
310 1975 413 2028 υἱὸς
451 1973 532 2021 τὸν
572 1975 752 2031 πατέρα
783 1976 844 2026 ὡς
874 1976 1150 2033 μοιχεύοντα
1188 1976 1274 2031 τὴν
1313 1976 1457 2020 αὐτοῦ
1490 1975 1700 2030 διασύρει
1725 1976 1842 2032 (δια-

154 2036 282 2090 σύρει
311 2034 398 2092 τὴν
422 2036 566 2080 αὐτοῦ
595 2036 700 2090 Μα)
732 2042 946 2091 γυναῖκα.
981 2035 1066 2079 οὐκ
1098 2033 1340 2079 ἐλυσιτέλει
1369 2033 1457 2091 γὰρ
1483 2034 1548 2085 εἰς
1577 2033 1844 2090 τούμφανὲς

151 2102 289 2139 τοῦτο
328 2102 504 2150 ποιεῖν,
545 2092 644 2138 ἀλλ’
681 2095 742 2145 ὡς
774 2093 798 2138 ὁ
838 2100 920 2150 τῆς
956 2092 1119 2152 τέχνης
1158 2094 1314 2151 (τύχης
1340 2095 1445 2151 Μα)
1485 2092 1649 2138 δίδωσι
1686 2091 1843 2151 νόμος,

155 2151 546 2212 ἐσχηματισμένως
577 2151 979 2213 (ἐσχηματισμένος
1003 2155 1124 2210 Μα).
1171 2154 1251 2197 καὶ
1288 2161 1424 2198 τοῦτο
1463 2155 1606 2209 δῆλον
1645 2153 1728 2210 μὲν
1763 2153 1843 2197 καὶ

150 2213 293 2271 (inser
319 2214 423 2269 Ma)
464 2213 515 2258 ἐκ
557 2220 649 2257 τῶν
682 2213 852 2268 ἄλλων,
884 2211 974 2269 ἤδη
1014 2211 1066 2256 δὲ
1107 2212 1156 2257 ἐκ
1195 2218 1278 2257 τοῦ
1315 2211 1581 2257 τελευταίου
1622 2219 1705 2255 τοῦ
1747 2213 1841 2256 καὶ

150 2271 435 2329 φανέντος
451 2271 698 2317 ποτὲτοῦ
716 2278 918 2329 μοιχοῦ
941 2278 1039 2316 τοῦ
1063 2272 1276 2326 πατρὸς
1301 2271 1576 2327 δεήσομαι
1600 2273 1842 2329 βοηθεῖν

151 2335 213 2389 (p.
239 2336 338 2387 316,
357 2333 400 2387 ὅ)
430 2332 481 2375 in
512 2345 648 2389 marg
673 2331 785 2376 Ma⁸
815 2332 863 2374 et
893 2330 943 2374 in
974 2331 1065 2374 fine
1098 2330 1452 2376 declamationis
1478 2331 1572 2374 Μ7η
1648 2330 1841 2387 ἐσχημα-

148 2390 362 2446 τισμένον
401 2389 509 2435 ὅλον
547 2391 675 2434 τουτὶ
714 2391 764 2435 τὸ
796 2389 981 2446 πλάσμα
1006 2390 1092 2435 Mo
1235 2395 1261 2434 6
1294 2389 1596 2447 ἀντιληπτικὴ
1624 2390 1768 2435 ΜΜο

151 2447 223 2494 ὅτι
241 2450 391 2502 ’ἔξεστι
421 2448 594 2505 νόμους
624 2449 823 2506 γράφειν
855 2449 950 2493 add
973 2451 1060 2494 Mo

274 2559 294 2596 1
333 2552 530 2607 Θεωρία.
555 2555 663 2597 ante
691 2551 823 2609 Φήμη
848 2552 941 2597 edd
1002 2552 1153 2598 delevi
1181 2554 1186 2609 Ι
1218 2552 1348 2609 Φήμη
1372 2579 1430 2585 -
1451 2557 1477 2596 5
1502 2552 1843 2597 ἀποκτιννύναι

150 2626 225 2656 om
250 2614 329 2656 BI
385 2612 626 2669 redintegr
642 2611 800 2656 Lam-²
826 2613 833 2667 Ι
859 2627 930 2664 τις
948 2614 1057 2668 post
1080 2611 1210 2668 φήμη
1235 2612 1382 2657 ΜαΟῐ
1501 2617 1526 2656 2
1559 2611 1704 2666 νόμον
1730 2611 1840 2667 ἔθη-

149 2686 230 2716 κεν
262 2670 286 2715 ὁ
318 2672 471 2728 πατὴρ
504 2672 669 2727 scripsi
702 2685 757 2715 ex
780 2671 1206 2716 HMoMaOlLawr
1267 2671 1438 2727 ἔθηκεν
1463 2670 1487 2715 ὁ
1519 2670 1670 2727 πατὴρ
1696 2671 1841 2725 νόμον

152 2732 216 2775 Μ
242 2730 332 2774 edd
454 2735 478 2772 3
511 2732 560 2776 et
590 2735 618 2773 4
649 2728 867 2785 ἀκρίτους
898 2730 1063 2786 scripsi
1091 2743 1116 2773 e
1139 2731 1280 2774 HMo
1340 2728 1537 2784 ἀκρίτως
1561 2730 1842 2775 MaOlLaur

149 2788 310 2833 Macar
333 2789 407 2846 (cf.
442 2790 503 2832 ad
533 2805 578 2846 p.
605 2794 704 2843 297,
726 2791 797 2844 14)
832 2789 923 2832 edd
1066 2795 1093 2832 4
1131 2803 1207 2834 ras
1241 2793 1355 2832 6—8
1387 2789 1468 2833 litt
1505 2791 1612 2845 post
1648 2795 1761 2839 παῖς
1788 2789 1842 2833 ΟΖ

160 2895 164 2897 ‚
269 2853 294 2891 6
331 2846 396 2892 ‘H
429 2847 587 2904 μελέτη
628 2848 793 2904 scripsi
825 2861 851 2892 e
876 2848 961 2892 Mo
1039 2862 1115 2892 om
1153 2847 1324 2903 reliqui
1363 2848 1473 2892 libri
1548 2847 1683 2904 λόγος
1722 2846 1840 2891 κατὰ

151 2914 322 2964 μοιχῶν
355 2906 445 2951 edd
592 2911 614 2949 7
648 2905 928 2962 πεφρόντικε
953 2908 1092 2952 ΗΜο
