2014 3158
239 90 348 143 456
650 75 916 149 [LIBANII]
950 75 1342 135 'DECLAMA'mo
1375 76 1520 135 me

239 228 300 280 τὸ
343 226 516 296 ξίφος,
556 226 698 295 αἴρει
737 227 838 294 τὴν
883 237 1038 296 χεῖρα
1088 227 1180 279 καὶ
1225 228 1535 296 παραυτίκα
1575 211 1783 290 ἐκεῖνος
1831 224 1932 297 μὲν

238 313 452 383 ἔπιπτε,
499 316 565 368 τὰ
615 315 675 368 δὲ
714 323 808 382 τῆς
855 316 1222 384 δημοκρατίας
1261 314 1672 384 ἐπηνωρθοῦτο.
1724 313 1932 379 ἐκεῖνος

240 400 342 471 μὲν
379 407 602 472 καιρίαν
643 402 855 473 ἐδέχετο
895 405 1135 472 πληγήν,
1187 402 1321 471 ἡμῖν
1360 401 1409 456 δ’
1455 401 1621 456 οὐδὲν
1662 403 1691 456 ὅ
1730 424 1782 457 τι
1821 414 1933 458 τῶν

239 491 330 544 ὑπ’
378 490 595 545 ἐκείνου
633 492 962 561 τραυμάτων
999 492 1147 560 ὑπῆν
1184 489 1279 545 ἔτι.
1336 492 1421 545 37.
1461 491 1569 545 καὶ
1592 501 1699 546 νῦν
1736 491 1932 547 πολλοὶ

197 588 557 649 επεριεστᾶσι
594 582 692 634 τὸν
731 582 930 651 νεκρὸν
977 580 1067 633 καὶ
1117 581 1183 634 οὐ
1231 581 1431 644 πάντες
1477 589 1573 649 τῆς
1620 581 1788 650 αὐτῆς
1835 581 1932 636 πό-

240 672 397 736 λεως,
446 668 561 723 ἀλλ’
609 670 662 722 οἱ
708 666 811 739 μὲν
856 678 952 739 τῆς
996 668 1282 740 ἡμετέρας,
1334 671 1387 723 οἱ
1427 668 1477 722 δ’
1525 668 1578 733 ἐξ
1618 670 1934 739 ἀστυγειτό-

240 778 355 811 νων
409 759 587 827 ὄντες,
643 759 696 812 οἱ
748 757 794 811 δ’
854 760 1017 821 ἄλλος
1073 759 1397 828 ἀλλαχόθεν.
1460 757 1549 811 καὶ
1603 767 1737 812 πᾶσι
1791 764 1933 812 θαυ-

239 849 446 913 μαστόν
485 867 536 900 τι
575 856 755 916 χρῆμα
795 847 950 900 δοκεῖ
985 846 1074 900 καὶ
1115 846 1254 917 πέρα
1293 848 1597 916 θαύματος,
1638 849 1935 917 ἅνθρωπος

241 935 480 1003 ὁπλίτης,
517 938 807 1006 τύραννος,
849 935 986 1004 ἀνὴρ
1027 936 1134 989 ὑπὸ
1174 937 1438 1004 γυναικὸς
1468 937 1568 1005 τὴν
1601 937 1736 1006 ὅλην
1773 957 1933 990 κατα-

173 1047 218 1079 ]ο
241 1023 577 1093 βεβλημένος
617 1026 780 1094 ἰσχὺν
818 1026 910 1077 καὶ
950 1021 1082 1077 οὐδὲ
1122 1025 1323 1093 ταύτης
1363 1026 1671 1092 δυσμενοῦς
1701 1020 1736 1095 ᾗ
1767 1026 1936 1095 τυχὸν

242 1113 449 1176 ἐκεῖνος
487 1112 801 1184 ἐφυβρίζων
842 1113 1078 1183 ἐτρύφα,
1127 1113 1242 1166 ἀλλ’
1289 1114 1384 1182 ἥν,
1434 1114 1523 1167 ὅτε
1568 1116 1760 1181 νόμοις
1806 1114 1935 1167 ὑπέ-

240 1220 435 1270 κυπτε,
481 1204 616 1255 κατὰ
655 1205 860 1271 νόμους
906 1202 1141 1270 ἠγάγετο
1189 1203 1280 1255 καὶ
1320 1204 1452 1272 μετὰ
1491 1203 1593 1271 τὴν
1634 1212 1730 1272 τῆς
1769 1204 1934 1272 δημο-

241 1292 463 1360 κρατίας
503 1292 806 1345 ἀπόστασιν
845 1285 1014 1361 εἶχεν,
1056 1291 1384 1360 ἐφύλαττεν,
1423 1289 1656 1360 ἔστεργε.
1719 1292 1805 1345 38.
1845 1295 1941 1345 καί

241 1400 322 1442 τις
362 1381 462 1434 οὐκ
502 1380 662 1443 εἰδὼς
701 1381 849 1450 παρά
887 1400 986 1432 του
1034 1390 1146 1433 τῶν
1193 1381 1423 1433 εἰδότων
1468 1380 1812 1433 πυνθάνεται
1853 1381 1936 1434 ὅτι

177 1491 218 1523 15
243 1476 443 1522 τοῦτον
489 1468 591 1538 μέν
627 1489 715 1522 τοι
761 1470 1008 1539 πονηρὸν
1055 1471 1188 1522 ὄντα
1235 1471 1324 1522 καὶ
1378 1471 1657 1539 τύραννον
1710 1470 1784 1532 ὡς
1834 1467 1936 1536 μὲν

242 1559 453 1626 πολλὴν
492 1559 772 1631 φρουρὰν,
788 1566 886 1611 τοῦ
928 1560 1176 1628 σώματος
1225 1561 1443 1627 ἔχοντα,
1492 1559 1564 1621 ὡς
1614 1558 1675 1612 δὲ
1713 1561 1937 1621 πλείους

243 1648 598 1717 δορυφόρους
635 1650 769 1700 κατὰ
816 1658 927 1700 τῶν
973 1649 1161 1716 νόμων
1206 1647 1480 1717 τρέφοντα
1526 1650 1668 1716 γυνή
1719 1666 1801 1710 τις
1838 1652 1938 1716 μιᾷ

243 1739 423 1806 πληγῇ
462 1738 758 1804 κατήνεγκε
797 1735 888 1789 καὶ
926 1736 1028 1805 τὴν
1065 1738 1277 1805 πολλὴν
1323 1737 1538 1805 ἐκείνην
1589 1737 1937 1806 δορυφορίαν

245 1824 569 1893 ἀπήλεγξεν,
617 1825 650 1894 ἡ
698 1822 759 1877 δὲ
806 1824 949 1877 οὕτω
997 1844 1081 1877 τοι
1122 1827 1414 1893 φιλόπολις
1460 1821 1529 1893 ἦν
1569 1826 1641 1887 ὡς
1690 1821 1836 1893 ἔχειν
1874 1825 1934 1876 τὸ

165 1912 222 1967 ’20
246 1909 347 1981 μὲν
387 1923 540 1982 σῶμα
577 1914 712 1980 μετὰ
751 1921 850 1966 τοῦ
890 1914 1190 1982 τυράννου,
1228 1915 1328 1982 τὴν
1369 1911 1429 1966 δὲ
1460 1914 1645 1983 ψυχὴν
1675 1914 1807 1981 μετὰ
1838 1920 1935 1965 τοῦ

247 2002 451 2069 δήμου,
505 2001 594 2054 καὶ
643 2001 780 2070 μέγα
825 2022 878 2055 τι
926 2001 1205 2071 δυναμένη
1253 2001 1342 2055 καὶ
1389 2003 1548 2069 μείζω
1600 2011 1712 2054 τῶν
1750 2004 1938 2068 νόμων

367 2166 392 2205 3
424 2162 590 2205 Aesch.
607 2163 694 2218 Ag.
715 2167 843 2207 1292.
864 2167 977 2206 1343
1100 2167 1126 2206 8
1152 2163 1208 2207 cf.
1227 2178 1271 2219 p.
1292 2167 1392 2218 449,
1411 2167 1436 2206 9
1561 2167 1613 2206 12
1639 2161 1697 2206 cf.
1723 2177 1767 2218 p.
1790 2165 1891 2216 404,
1910 2165 1935 2203 3

368 2315 393 2353 2
427 2308 762 2363 ἐπανωρθοῦτο
788 2310 933 2355 ΜαΟΖ
1054 2315 1079 2353 3
1112 2309 1142 2354 ὅ
1167 2327 1212 2354 τι
1244 2310 1408 2367 scripsi
1471 2309 1540 2354 ὅτι
1568 2310 1811 2354 MaCZVat
1872 2308 1938 2351 ἔτι

250 2371 335 2414 Mo
366 2368 435 2414 Re
496 2385 538 2412 τι
572 2368 775 2412 Sintenis
906 2375 928 2413 7
964 2368 1099 2419 ἄλλος
1131 2369 1296 2425 scripsi
1327 2383 1352 2413 e
1386 2370 1559 2414 VatMo
1592 2382 1696 2411 cum
1726 2367 1936 2412 Iacobsio

248 2428 454 2472 Philostr
484 2433 569 2471 377
604 2427 744 2471 Schul
821 2427 949 2472 ἄλλοι
975 2429 1120 2473 Mac'l
1263 2433 1288 2472 9
1330 2428 1559 2483 τύραννος
1590 2426 1707 2483 ἀνὴρ
1735 2428 1824 2471 Μα
1855 2426 1935 2470 sed

251 2505 273 2539 ς
305 2486 422 2543 ἀνὴρ
461 2487 509 2530 in
549 2499 624 2530 ras
655 2486 725 2529 m²
869 2493 921 2531 11
964 2485 1038 2531 ὅτε
1077 2487 1264 2544 reposui
1296 2502 1320 2531 e
1351 2487 1482 2531 libris
1523 2486 1604 2529 sed
1637 2501 1657 2529 ε
1697 2499 1753 2529 ex
1785 2503 1801 2529 ι
1837 2499 1938 2529 corr

250 2547 349 2601 Mo,
383 2560 487 2589 cum
519 2545 728 2589 Iacobsio
761 2546 901 2589 Anth.
934 2545 1030 2590 Pal.
1061 2546 1125 2589 111
1151 2551 1234 2590 Ι709
1269 2546 1410 2590 Schul
1442 2547 1488 2589 eb
1520 2544 1701 2589 Sinteni
1778 2544 1848 2589 ὅτι
1870 2544 1937 2587 Re

371 2610 425 2648 14
464 2605 593 2660 παρά
631 2621 714 2649 του
752 2612 844 2648 τῶν
884 2605 1049 2661 scripsi
1088 2619 1113 2649 e
1148 2607 1231 2650 Mo
1271 2606 1351 2649 sed
1391 2619 1417 2649 e
1454 2603 1584 2659 παρὰ
1621 2604 1796 2648 τούτων
1837 2617 1938 2647 corr

309 2662 439 2718 παρὰ
462 2679 544 2706 του
569 2671 660 2707 τῶν
679 2664 767 2708 Μα
827 2664 956 2719 παρὰ
988 2664 1164 2709 τούτων
1184 2665 1334 2709 ClVat
1363 2664 1432 2707 Re
1492 2662 1622 2717 παρὰ
1652 2670 1743 2706 τῶν
1773 2661 1937 2706 Iacobs

253 2722 392 2766 Schul
435 2726 440 2777 Ι
478 2721 774 2767 πυνθάνεται
805 2722 930 2766 inser
954 2723 1066 2767 Ma²
1188 2728 1240 2766 15
1275 2721 1429 2779 μέντοι
1455 2723 1538 2766 Mo
1661 2727 1713 2765 17
1746 2721 1827 2764 τὸν
1858 2718 1935 2765 νό-

251 2797 339 2837 μον
367 2781 511 2826 ΜαΟΖ
655 2785 707 2824 19
740 2781 993 2838 ἀπήλεγξεν
1019 2783 1109 2826 Μα
1141 2782 1222 2826 sed
1254 2781 1308 2836 ήλ
1346 2781 1394 2824 in
1426 2795 1502 2824 ras
1534 2780 1603 2823 m²
1679 2779 1937 2834 ἀπήλλαξεν

261 2840 348 2884 Vat
389 2842 395 2896 Ι
435 2857 479 2884 τι
505 2841 595 2884 Ma
626 2841 708 2884 sed.
740 2857 756 2883 ι
788 2840 836 2883 in
865 2855 940 2884 ras
974 2846 998 2882 2
1031 2841 1112 2884 litt
1231 2846 1284 2884 21
1319 2839 1468 2896 δήμου
1498 2840 1548 2883 in
1578 2853 1652 2882 ras
1677 2838 1789 2883 Ma²
1838 2841 1845 2894 Ι
1895 2836 1938 2881 τί

254 2900 343 2942 Μα
369 2901 376 2955 Ι
405 2898 639 2955 δυναμένη
667 2901 755 2943 Μα
786 2899 868 2943 sed
898 2916 926 2955 η
959 2898 1008 2942 in
1039 2914 1114 2943 ras
1145 2899 1215 2942 m'
