2014 3158
329 138 738 183 PHILADELPHI
769 138 1192 184 ABDICATIONIS
1224 139 1463 184 ΡΕΤΙΤΙΟ
1649 120 1756 194 613

0 287 3 291 ’
61 278 267 330 νότατα
303 273 393 328 καὶ
431 277 679 345 τόλμημα
717 276 1019 344 τετόλμηκα
1058 276 1310 345 πάμμεγα
1350 287 1461 330 τῶν
1491 278 1628 348 πρὸς
1658 279 1756 332 τὸν

62 367 232 419 παῖδα
272 367 586 433 διαλλαγῶν
625 372 699 436 τῷ
740 363 904 434 πατρὶ
944 365 1238 434 μνησθείς,
1287 368 1616 437 συγγνώμης
1654 365 1756 435 μὲν

63 455 164 508 οὐκ
203 453 274 507 ἄν
312 452 602 522 ἀξιώσαιμι
641 463 829 523 τυχεῖν
867 453 968 523 οὐχ
1009 453 1082 516 ὡς
1120 462 1400 523 προσῆκον
1432 455 1500 510 ὂν
1531 457 1755 527 ἀπαραι-

61 546 256 613 τήτους
303 537 445 596 εἶναι
490 550 771 612 πανταχοῦ
819 542 910 595 καὶ
956 544 1211 612 πικρούς,
1261 543 1378 598 ἀλλ’
1433 543 1568 615 ἐμοῦ
1618 547 1756 616 πρὸς

61 634 121 686 τὸ
168 638 529 702 τιμωρεῖσθαι
585 636 795 701 μᾶλλον
840 631 873 701 ἢ
921 635 982 686 τὸ
1039 634 1446 702 συγγινώσκειν
1499 634 1752 704 ὁρῶντος.
1801 656 1822 689 5

62 723 253 791 διόπερ
302 720 537 790 ἀνέστην
584 719 646 774 ἐν
692 721 912 791 χάριτος
959 723 1198 791 αἰτήσων
1249 722 1401 792 μέρει
1446 724 1507 777 τὸ
1557 725 1754 778 δοῦναι

59 811 220 879 δίκην
259 806 339 864 ὧν
375 812 648 881 πρότερον
686 809 871 881 ᾔτηκα.
911 812 1010 864 τὸν
1052 812 1156 882 γὰρ
1197 811 1258 865 ἐν
1290 801 1371 885 τῷ
1402 815 1754 889 βουληθῆναι

0 900 6 903 “
59 904 220 954 λῦσαι
270 898 525 971 τάδελφῷ
570 900 672 968 τὴν
720 901 1017 970 συμφορὰν
1062 900 1268 971 πατέρα
1314 904 1634 971 λυπήσαντα
1675 905 1754 956 δί-

58 1009 218 1043 καιον
257 987 449 1061 ἐκείνω
488 997 823 1058 κοινωνῆσαι
863 997 959 1058 τῆς
1000 999 1299 1059 συμφορᾶς.
1439 991 1449 997 ’

168 1078 217 1131 3.
241 1077 398 1131 ’Ἐστι
435 1077 537 1147 μὲν
577 1075 681 1132 οὖν
721 1079 894 1147 δῆλον
933 1080 1006 1142 ὡς
1044 1078 1134 1133 καὶ
1173 1080 1348 1148 μηδὲν
1396 1078 1530 1150 ἐμοῦ
1570 1090 1751 1135 τοιοῦ-
1777 1103 1821 1136 ιο

55 1187 154 1222 τον
188 1173 195 1234 1
229 1165 354 1238 παρ’
417 1167 575 1235 ὑμῶν
628 1168 942 1237 αἰτοῦντος,
997 1168 1136 1222 ἀλλὰ
1196 1179 1308 1222 τῶν
1364 1179 1573 1224 καινῶν
1618 1176 1739 1220 RIV
1757 1181 1842 1222 688

0 1241 6 1329 'b
55 1254 158 1327 μὲν
211 1257 424 1310 τούτων
478 1257 884 1327 ἀφισταμένου,
946 1268 1058 1312 τῶν
1113 1255 1174 1311 δὲ
1237 1257 1296 1312 ε’ν
1356 1262 1474 1313 ἔθει
1530 1260 1754 1329 δωρεῶν

0 1408 4 1417 y
54 1345 404 1416 μεμνημένου
444 1345 646 1416 ταχέως
692 1345 763 1400 ἂν
801 1346 830 1400 ὁ
869 1348 1046 1417 πατὴρ
1095 1345 1267 1401 ἔδωκε
1314 1349 1414 1418 τὴν
1461 1350 1624 1418 χάριν
1670 1349 1753 1402 ἐκ-

55 1436 244 1505 βαλών
289 1455 355 1505 με
401 1444 496 1506 τῆς
542 1436 732 1499 οἰκίας.
781 1437 833 1490 οἱ
882 1437 985 1505 γὰρ
1034 1438 1260 1490 εὔνοιαν
1304 1434 1407 1505 μὲν
1454 1438 1752 1507 ὑποκρινά-

0 1526 10 1605 '13
55 1544 212 1595 μενοι
251 1526 391 1593 πρὸς
420 1532 639 1594 τοῦτον,
678 1526 744 1579 τὰ
776 1522 837 1578 δὲ
868 1535 981 1578 τῶν
1012 1525 1284 1596 ἐχθίστων
1316 1524 1748 1597 ἐπιδεδειγμένοι
1777 1550 1818 1583 15

0 1607 17 1652 ‘3‘
55 1612 146 1667 καὶ
184 1613 536 1682 προφάσεσιν
574 1614 641 1667 οὐ
681 1615 941 1683 μεγάλαις
991 1614 1467 1684 ε’κπολεμώσαντες
1512 1617 1610 1670 τὸν
1656 1619 1751 1670 ἄν-

55 1709 291 1773 θρωπον
327 1712 445 1765 τοῖς
485 1702 804 1771 ἀναγκαίοις
842 1707 989 1767 τίνες
1028 1707 1246 1758 ἔσονται
1294 1706 1557 1774 τοιαύτην
1600 1709 1751 1775 ε”χον-

0 1784 17 1854 {ss
56 1812 144 1856 τες
184 1792 465 1862 ἀφορμήν,
506 1793 554 1845 εἰ
596 1792 695 1856 οὓς
736 1792 764 1846 ὁ
804 1794 980 1864 πατὴρ
1022 1793 1263 1862 ἐλαύνει,
1314 1795 1548 1858 τούτους
1588 1796 1752 1859 αὐτὸς

56 1881 255 1950 ἀγάγοι
293 1879 384 1934 καὶ
424 1882 593 1935 πάλιν
632 1883 844 1947 οἰ’καδε;
884 1883 933 1936 4.
975 1883 1042 1936 οὐ
1082 1884 1193 1952 μὴν
1231 1881 1348 1936 ἀλλ’
1388 1886 1438 1936 εἰ
1475 1882 1565 1937 καὶ
1604 1886 1751 1954 παρὰ

0 1949 15 2028 ἒ
54 1979 167 2023 τῶν
222 1970 440 2041 ἐχθρῶν
493 1971 627 2040 ἡμῖν
680 1969 879 2043 ῥᾴδιον
926 1971 1309 2042 ἀποκηρύξεως
1355 1982 1566 2042 τυχεῖν,
1616 1972 1820 2044 παρέο

0 2076 3 2077 ’
54 2059 212 2127 ὑμῶν
250 2059 470 2129 βέλτιόν
508 2079 623 2124 πως
660 2068 824 2114 τοῦτο
863 2059 1143 2130 γενέσθαι.
1185 2061 1405 2125 ἐκείνως
1443 2063 1545 2131 μὲν
1584 2064 1687 2134 γὰρ
1721 2063 1750 2117 ὁ

56 2150 233 2220 πατὴρ
274 2148 380 2213 ἕξει
416 2150 518 2218 τὴν
549 2152 732 2204 αἰτίαν
764 2148 886 2203 ἀντὶ
918 2159 1031 2203 τῶν
1061 2150 1510 2220 παροξυνάντων,
1549 2153 1615 2206 τὰ
1646 2153 1749 2223 γὰρ

177 2316 201 2354 2
226 2310 452 2368 μνησθεὶς
466 2313 529 2370 τῷ
546 2312 686 2366 πατρὶ
705 2311 798 2355 Ath
920 2316 944 2354 3
971 2308 1044 2370 ὃν]
1060 2309 1224 2356 ἂνΔιῙι
1345 2317 1370 2355 5
1397 2313 1752 2370 συγγιγνώσκειν

57 2371 101 2414 L
224 2375 278 2414 15
312 2371 495 2428 ἐχθρῶν
520 2372 565 2414 Β
598 2371 681 2414 sed
713 2377 806 2424 ρῶν
837 2370 886 2413 in
918 2384 993 2414 ras
1027 2370 1096 2414 ω’
1218 2375 1272 2415 18
1306 2372 1347 2416 εἰ
1376 2371 1551 2415 inserui
1576 2386 1600 2416 e
1625 2374 1671 2417 B
1704 2375 1751 2417 et

56 2429 191 2475 Laur.
218 2429 341 2473 LVII
365 2433 420 2471 23
455 2429 534 2473 sed
566 2429 615 2472 in
646 2430 735 2473 hoc
766 2429 814 2473 in
846 2443 982 2487 marg
1013 2444 1156 2474 manu
1189 2431 1460 2475 correctoris
1493 2431 1676 2487 antiqui

19 2499 21 2502 '
58 2503 135 2534 om
158 2489 452 2534 LPAthMos
483 2488 574 2532 edd
607 2489 686 2533 sed
724 2490 894 2546 „locum
924 2491 1046 2534 hunc
1074 2503 1169 2534 non
1199 2491 1414 2549 intelligo.
1471 2490 1580 2536 Sine
1611 2492 1750 2536 dubio

24 2550 174 2597 ,deest
212 2549 405 2605 aliquid.
461 2547 694 2593 Sententia
732 2549 841 2593 haec
877 2550 1015 2604 ferme
1051 2551 1266 2606 postulat.
1314 2547 1430 2594 ποία
1467 2566 1536 2600 τις
1571 2549 1688 2607 αὕτη
1719 2550 1748 2606 ἡ

59 2606 250 2665 ἀφορμή
261 2626 270 2661 ;
310 2606 464 2663 πατὴρ
498 2606 577 2658 οὓς
611 2608 706 2651 ἔδει
736 2607 973 2663 ἐλαύνειν,
1010 2609 1204 2659 τούτους
1235 2609 1400 2659 αὐτὸς“
1436 2608 1504 2652 Re
1554 2611 1560 2665 Ι
1610 2607 1750 2661 αὐτὸς

57 2666 169 2710 Ferr
228 2666 278 2709 in
300 2666 375 2710 lac
399 2671 425 2709 5
450 2665 546 2710 fere
570 2665 650 2710 litfi
674 2680 749 2710 om
775 2668 820 2711 Β
881 2667 1051 2719 αὐτοὺς
1074 2668 1366 2713 LPAthMos
1390 2669 1437 2711 et
1464 2685 1518 2724 γρ
1543 2668 1591 2711 in
1615 2681 1750 2725 marg

57 2725 160 2769 Mor
304 2729 358 2769 19
399 2725 567 2782 ἀγάγοι
607 2725 773 2782 scripsi
805 2739 830 2769 e
865 2726 998 2769 Laur.
1024 2726 1146 2770 LVII
1171 2732 1226 2770 23
1267 2727 1349 2771 sed
1390 2743 1435 2771 οι
1474 2727 1523 2769 in
1563 2741 1660 2781 ras,
1700 2727 1749 2770 in

57 2783 132 2828 lae
156 2788 183 2828 8
215 2783 310 2828 fere
334 2783 413 2828 litt
438 2797 514 2827 om
539 2785 584 2828 B
645 2783 833 2841 ἀγαγὼν
859 2786 1149 2831 LPAthMos
1174 2786 1264 2830 edd
1327 2785 1492 2842 ἀνάγει
1518 2774 1624 2830 boni
1649 2786 1750 2830 Mor

2 2860 3 2863 ¹
33 2841 166 2888 Not.
192 2843 224 2887 f.
249 2843 333 2887 VH
375 2845 381 2899 Ι
420 2843 501 2887 καὶ
531 2842 673 2888 πάλιν
703 2843 880 2887 inserui
912 2857 967 2888 ex
992 2846 1244 2889 AthMosB
1306 2859 1379 2889 om
1413 2846 1505 2889 LP
1539 2845 1630 2888 edd

59 2906 245 3004 mdvmg
274 2902 323 2946 in
354 2902 429 2946 lac
454 2908 479 2946 5
503 2901 584 2947 litt
614 2916 689 2947 om
715 2904 760 2947 B
835 2918 906 2946 πω
931 2904 1136 2948 AthMos
1207 2905 1356 2963 πολλῷ
1384 2903 1518 2949 Laut.
1545 2904 1667 2948 LVII
1691 2909 1747 2949 23

59 2974 108 3005 se
174 2963 250 3007 022.
281 2961 331 3005 in
360 2974 436 3006 ras
