2020 3146
394 121 586 167 AVARI
618 119 901 166 SGORTUM
931 118 1204 164 AMANTIS
1237 118 1520 172 QUERELA
1728 120 1796 172 41

220 262 282 311 In
311 263 597 311 universum
629 261 828 323 quidem
851 262 1078 323 quamvis
1109 260 1190 308 hic
1214 275 1409 323 quoque
1440 261 1578 323 prior
1608 260 1802 309 familia

117 338 327 386 alteram
364 336 459 385 fide
498 338 719 398 superet,
757 338 924 383 tamen
962 350 1057 382 non
1097 334 1170 382 ita
1210 335 1415 398 exiguus
1457 337 1531 382 est
1568 350 1801 383 numerus

113 412 333 460 locorum
366 410 542 474 quibus
573 410 808 458 lectiones
841 408 1065 458 codicum
1098 408 1223 457 VaB
1253 408 1565 471 reponendae
1598 411 1727 456 sunt.

223 484 528 534 Testimonia
558 484 748 532 desunt.

223 559 498 622 Postquam
528 574 617 620 per
647 557 900 605 Leonem
930 556 1227 604 Allatium
1258 556 1311 603 in
1340 556 1650 618 praefatione
1685 552 1799 603 ‘Ex-

113 635 393 696 cerptorum
425 632 692 681 Variorum
724 630 1022 680 Graecorum
1055 629 1402 692 Sophistarum
1441 645 1499 678 ac
1529 626 1801 678 rhetorum'

114 702 324 774 (Romae
365 701 532 773 1641)
579 706 758 754 titulus
805 707 855 753 et
899 705 1100 752 initium
1147 721 1173 753 e
1220 705 1384 753 codice
1431 704 1704 753 Barberino
1750 706 1803 752 in

113 783 346 830 notitiam
376 782 595 829 virorum
627 780 885 828 doctorum
915 780 1157 841 pervenit,
1187 780 1385 843 integra
1416 778 1712 827 declamatio
1744 781 1805 826 ut

115 872 139 903 e
171 855 336 904 codice
375 855 660 903 Monacensi
690 870 762 917 gr.
790 855 855 902 96
894 853 1145 915 descripta
1184 855 1292 901 erat
1329 852 1642 915 paucissimis
1681 853 1803 901 locis

114 930 344 979 correctis
377 944 407 976 a
438 928 684 977 Reiskia
715 927 822 975 Lib.
853 929 890 976 t.
915 927 988 975 IV
1017 944 1066 989 p.
1093 928 1386 975 827—840
1420 920 1514 994 (=
1541 920 1636 993 Re)
1668 928 1804 989 typis

114 1018 342 1066 expressa
381 1006 468 1051 est.
537 1002 677 1050 Vitia
706 1003 924 1064 plurima
969 1001 1118 1050 huius
1158 997 1428 1050 ‘editionis'
1468 1001 1551 1049 vix
1588 1001 1682 1049 hoc
1720 1017 1804 1049 no-

113 1078 243 1125 mine
277 1077 456 1140 dignae
489 1078 789 1125 sanaverunt
818 1076 905 1124 Fr.
930 1075 1242 1124 Iacobsius
1275 1091 1385 1123 cum
1419 1071 1748 1124 ‘Lectionum'
1762 1068 1803 1140 1)

114 1145 209 1218 (=
225 1144 371 1217 Lect)
394 1151 523 1199 libro
547 1153 659 1199 tum
682 1166 774 1213 ope
800 1150 980 1199 codicis
996 1149 1306 1198 Monacensis
1331 1150 1490 1198 denuo
1516 1165 1644 1197 anno
1664 1150 1803 1198 1816

114 1226 286 1275 collati
304 1222 473 1273 ‘Brevi
497 1225 818 1275 annotatione
843 1225 906 1272 ad
932 1226 1149 1286 quinque
1170 1223 1372 1272 Libanii
1387 1219 1805 1272 Declamationes’

116 1299 510 1363 ephemeridibus
543 1315 668 1362 quae
704 1299 1043 1347 inscribuntur
1075 1294 1400 1362 ‘Allgemeine
1435 1294 1803 1361 Schulzeitung'

116 1376 235 1422 anni
280 1374 419 1422 1832
470 1374 822 1423 001.59—61
872 1374 1061 1422 inserta
1107 1366 1202 1439 (-—-
1237 1366 1412 1439 Schul)
1462 1374 1511 1420 et
1558 1370 1806 1420 Carolus

117 1441 463 1513 Sintenis2),
508 1463 668 1510 pauca
714 1446 1149 1496 Boissonadius
1197 1449 1247 1495 et
1294 1446 1565 1495 Cobetus.
1627 1445 1697 1493 At
1726 1445 1808 1493 vel

117 1524 207 1583 sic,
238 1522 532 1584 praesertim
564 1537 674 1570 cum
707 1522 858 1570 codex
897 1521 983 1569 ille
1016 1521 1324 1570 Monacensis
1364 1520 1621 1569 deterioris
1659 1522 1807 1568 notae

117 1598 205 1655 sit,
252 1596 547 1659 corruptelis
593 1596 825 1644 tollendis
874 1598 924 1643 et
976 1596 1166 1644 lacunis
1221 1594 1473 1658 explendis
1526 1594 1808 1658 largissima

115 1670 286 1719 messis
317 1670 492 1718 relicta
523 1672 642 1718 erat.

239 1829 278 1883 1)
313 1824 380 1870 Cf.
412 1828 443 1870 t.
470 1826 491 1869 Ι
522 1841 567 1883 p.
595 1831 647 1869 77
681 1827 730 1870 et
759 1825 801 1870 V
831 1841 876 1882 p.
904 1830 1004 1872 198.

238 1888 281 1941 2)
314 1884 380 1929 Cf.
414 1887 446 1929 t.
472 1885 493 1928 I
524 1900 569 1941 p.
598 1889 665 1929 78.
