2014 3158
395 117 803 164 PHILADELPHI
834 117 1257 163 ABDICATIONIS
1289 117 1526 163 ΡΕΤΙΤΙΟ
1709 116 1816 169 623

124 266 312 326 τυχεῖν
359 255 440 310 ἐπ’
487 257 678 327 εὐνοίᾳ
724 263 788 326 τῇ
834 256 973 325 πρὸς
1019 255 1118 308 τὸν
1167 255 1366 324 δῆμονς
1421 252 1538 307 ἀλλ’
1588 253 1682 307 ἐὰν
1720 254 1818 306 τὸν

126 345 187 400 ἐν
234 347 431 400 πένθει
478 347 798 413 καθήμενον
844 344 1153 412 ἀναστήσας
1207 345 1344 415 ἄγῃς
1398 346 1475 406 εἰς
1526 342 1818 412 ἐκκλησίαν

127 437 199 498 ὡς
238 429 551 505 ἀναρρήσει
576 437 893 504 κοσμήσων,
941 433 1203 495 ἐκόλασας
1249 442 1314 503 τῇ
1360 441 1502 503 τιμῇ.
1549 431 1640 485 καὶ
1689 435 1820 495 τοὺς

127 525 437 594 τυράννους
477 525 570 577 διὰ
608 530 771 576 τοῦτο
812 523 1248 592 δυσχεραίνομεν
1296 521 1380 575 ὅτι
1420 522 1682 585 πολλάκις
1720 522 1819 575 τὸν

126 613 252 683 περὶ
291 622 460 666 ταῦτα
501 613 936 682 συνταράττουσι
976 613 1202 678 θεσμόν.
1267 611 1350 663 30.
1390 617 1580 664 πενθῶ
1622 612 1689 679 δὴ
1729 610 1819 663 καὶ
1869 634 1888 664 5

129 703 294 766 αὐτὸς
332 703 578 771 ἀδελφὸν
618 700 1014 771 ἐξεληλαμένον
1052 699 1142 753 καὶ
1175 702 1274 754 τὸν
1307 699 1584 770 στέφανον
1624 699 1821 769 ἀπάγει

127 800 223 861 τῆς
260 796 500 862 κεφαλῆς
539 792 571 860 ἡ
619 792 780 860 Τύχη.
834 792 881 844 εἰ
928 792 1031 860 γὰρ
1084 800 1196 843 τῶν
1244 789 1475 858 ἑταίρων
1513 810 1610 858 τις,
1651 789 1749 852 οὓς
1787 788 1820 857 ἡ

128 883 391 935 κοινωνία
431 890 542 933 τῶν
582 879 908 949 ἀσκημάτων
949 881 1026 942 εἰς
1065 881 1292 933 εὔνοιαν
1332 880 1549 948 συνδεῖ,
1588 879 1821 950 τοιούτῳ

130 971 526 1040 περιπεπτώκει
579 974 752 1042 κακῷ,
807 972 1039 1038 μετρίως
1093 968 1163 1022 ἂν
1217 969 1350 1036 ὑμῖν
1405 967 1623 1038 ἐνέγκαι
1679 969 1821 1021 δοκῶ

128 1060 230 1128 τὴν
275 1066 373 1112 τοῦ
421 1062 703 1130 γνωρίμου
750 1059 1045 1128 συμφορὰν
1082 1057 1114 1127 η’
1162 1063 1498 1127 προσελθεῖν
1543 1067 1659 1120 τοῖς
1706 1057 1823 1126 ἀρι-
1849 1079 1890 1112 ιο

130 1150 310 1211 στείας
362 1159 593 1218 καρποῖς
649 1148 708 1202 έν
763 1158 881 1210 ταῖς
935 1169 1047 1201 των
1095 1149 1364 1215 συνήθων
1408 1148 1823 1216 κακοπραγίαις;

128 1237 266 1306 ὑπὲρ
323 1234 391 1290 οὗ
448 1235 508 1291 δε
562 1245 668 1291 νῦν
718 1237 987 1306 ἱκέτευον,
1035 1237 1276 1306 ἀδελφός
1325 1237 1498 1305 ἐστιν,
1546 1232 1587 1289 ὦ
1638 1238 1823 1303 πάτερ.

128 1335 292 1380 τοῦτο
333 1329 550 1381 δίκαιον
589 1327 664 1381 ε’ν.
705 1330 1095 1436 συμφοιτητης.
1135 1325 1288 1380 τουτὶ
1322 1327 1598 1397 δεύτερον.
1638 1326 1824 1379 αἰδού-

128 1418 294 1485 μενός
332 1437 398 1483 με
440 1418 531 1470 διὰ
570 1415 775 1479 τέλους.
823 1415 977 1470 τουτὶ
1026 1419 1226 1484 τρί.τον
1275 1415 1341 1468 οὐ
1389 1417 1493 1485 γὰρ
1542 1415 1646 1485 ε’ρῶ
1686 1421 1824 1483 θρα-

132 1507 255 1574 σύν,
297 1503 338 1559 ὦ
378 1507 566 1574 πάτερ,
606 1505 672 1559 ὃν
711 1508 890 1574 ἔγνων
930 1504 1150 1574 ἐπιεικῆ.
1191 1505 1275 1558 31.
1309 1507 1370 1559 τὸ
1412 1525 1512 1574 μεν
1545 1501 1649 1558 οὗν
1681 1506 1826 1572 άμει-
1852 1525 1893 1557 15

129 1616 233 1649 νον
287 1591 357 1663 ἧν
415 1603 615 1649 τοῦτον
676 1603 771 1664 τῆς
833 1595 960 1664 ἐμῆς
1014 1595 1451 1662 μεταλαμβάνειν
1513 1593 1824 1663 εὐπραξιηας

132 1683 247 1738 ἐπεὶ
288 1682 349 1738 δὲ
396 1683 765 1755 ἀντέκρουσεν
804 1683 832 1738 6
878 1686 1127 1752 Φθόνος,
1176 1685 1436 1752 δεύτερόν
1490 1704 1584 1751 μοι
1635 1682 1826 1752 κέρδος

132 1774 265 1828 αὐτὸ
319 1775 380 1827 τὸ
436 1783 547 1827 τῶν
600 1774 801 1828 τούτου
856 1783 1144 1843 μετασχεῖν
1193 1774 1199 1843 Ι
1249 1783 1444 1827 κακῶν.
1509 1775 1646 1827 ἄλλα
1692 1777 1915 1822 RIV696

133 1865 313 1932 ἄλλος,
354 1861 395 1917 ὦ
437 1865 704 1932 δικασταί,
743 1874 854 1916 τῶν
893 1864 1302 1933 ἠριστευκότων
1339 1863 1609 1933 θαυμάζει
1647 1882 1705 1915 τε
1735 1861 1827 1916 καὶ

134 1955 325 2022 λαβεῖν
363 1951 640 2022 ἐπιθυμεῖ,
688 1953 716 2006 6
756 1953 857 2023 μὲν
897 1953 1240 2022 αἰχμάλωτον
1288 1951 1348 2005 έν
1396 1953 1511 2023 ὥρᾳ
1558 1949 1756 2020 οὖσαν,
1797 1952 1826 2005 ὁ
1852 1972 1895 2004 2ο

134 2039 194 2095 δὲ
234 2041 289 2106 ἐξ
329 2042 514 2095 αὐτῶν
564 2052 676 2095 τῶν
724 2045 991 2113 λαφύρων
1029 2044 1255 2112 χρυσόν,
1297 2041 1325 2095 6
1359 2039 1420 2094 δὲ
1458 2044 1700 2111 κτήματα
1736 2039 1826 2094 καὶ

134 2133 417 2200 γεωργίας,
456 2130 484 2184 6
526 2130 577 2184 δ’
621 2130 718 2201 ἀφ’
764 2127 844 2184 ὧν
883 2131 1016 2196 δόξα
1054 2135 1267 2201 μᾶλλον
1305 2132 1338 2200 ἢ
1377 2129 1586 2200 κέρδος.
1628 2130 1827 2183 ἐπεθύ-

134 2241 280 2290 μουν
325 2219 415 2273 καὶ
464 2220 629 2283 αὐτὸς
677 2221 817 2274 ἰδεῖν
865 2220 933 2274 δι’
990 2221 1147 2288 ὑμῶν
1193 2219 1254 2274 ἐν
1301 2221 1490 2290 εἰρήνῃ
1538 2221 1599 2272 τὸ
1656 2218 1828 2287 γένος.

135 2307 297 2373 ἔδοξα
337 2313 550 2379 ληρεῖν,
597 2294 828 2379 ἥττημαι
876 2312 1070 2378 λόγων.
1124 2307 1203 2362 ἐπ’
1252 2310 1425 2378 ἄλλην
1465 2305 1573 2375 εἶμι
1614 2309 1830 2376 δωρεὰν

135 2397 457 2469 πρέπουσαν
495 2406 570 2469 τῷ
611 2397 821 2467 ἐκείνης
859 2399 1205 2469 ἡμαρτηκότι.
1854 2417 1896 2448 25

140 2490 152 2493 —
257 2519 313 2559 20
344 2515 396 2559 ΙΙ.
429 2532 460 2558 α
495 2519 576 2558 111
596 2529 662 2570 sq.

142 2610 147 2612 A
154 2610 231 2613 1,-1.
240 2610 494 2613 .,.---,--
809 2590 857 2632 ab

258 2655 284 2692 4
310 2652 526 2694 διατοῦτο
547 2649 589 2692 L
711 2652 734 2691 ‘1
761 2634 927 2703 ἑτέρων
944 2650 988 2693 L
1015 2651 1021 2706 Ι
1048 2647 1117 2699 τίς
1134 2649 1430 2693 PAthMosB
1455 2646 1546 2691 edd
1669 2651 1694 2688 9
1720 2645 1830 2703 ἡμῖν

139 2708 241 2752 Mor
362 2713 417 2752 10
447 2715 528 2764 τῆς
553 2709 660 2750 ante
690 2706 923 2762 ἀριστείας
943 2709 1036 2752 Ath
1160 2713 1213 2751 13
1246 2705 1563 2780 συμφοιτητὰς
1587 2707 1630 2749 L
1657 2708 1663 2762 Ι
1692 2705 1830 2750 αἰδού

144 2769 250 2812 Mos
379 2770 434 2810 14
465 2783 543 2824 μοι
567 2768 612 2810 Β
748 2771 801 2809 15
835 2763 919 2810 οὖν
951 2781 1027 2811 om
1052 2769 1160 2812 Mos
1297 2770 1349 2809 17
1388 2763 1575 2815 Φθόνος
1606 2764 1772 2820 scripsi

142 2825 326 2883 φθόνος
355 2784 496 2869 Ιίὺτίμ
497 2825 588 2869 edd
620 2825 741 2882 cf.p
748 2830 882 2880 .615‚
906 2831 956 2869 19
1081 2830 1134 2869 18
1167 2822 1281 2869 αυτὸ
1312 2824 1364 2868 τὸ
1398 2839 1473 2868 om
1498 2824 1590 2868 Ath
1633 2826 1639 2878 Ι
1677 2823 1829 2868 τοιού-

139 2902 232 2930 των
263 2885 374 2928 Ferr
406 2885 506 2929 Mor
545 2884 624 2928 sed
665 2884 712 2928 in
711 2841 841 2928 p'hoc
881 2903 934 2942 γρ
974 2886 1140 2929 τούτου
1180 2885 1229 2927 in
1260 2897 1394 2940 marg
1537 2888 1590 2926 21
1630 2900 1735 2927 των.
1756 2895 1829 2926 om

142 2945 235 2988 Ath
377 2949 432 2988 22
466 2941 540 2987 ὅδ’
568 2944 674 2987 libri
708 2943 797 2986 edd
920 2949 975 2986 24
1007 2943 1150 3000 λέγων
1176 2943 1267 2986 Ath
1294 2945 1302 2999 Ι
1330 2943 1423 2999 εἰμὶ
1447 2942 1645 2986 LPMos
