2020 3146
222 104 288 162 12
654 106 884 152 LIBANH
915 104 1306 152 DECLAMATIO
1338 105 1487 149 ΧΧΧΙ

217 254 451 314 γυναῖκα
491 245 628 313 πρὸς
666 245 731 296 τὰ
779 243 916 296 αὐτὰ
961 241 1053 296 καὶ
1099 252 1211 295 τῶν
1262 242 1364 311 μὲν
1411 241 1639 295 οἴκοθεν
1680 244 1917 296 ἔπειθον

215 333 696 388 ἐπιλανθάνεσθαι
734 334 972 401 τρόπων,
1009 337 1299 400 μιμεῖσθαι
1339 331 1400 384 δὲ
1431 333 1497 384 τὰ
1536 338 1635 384 τοῦ
1676 351 1910 400 γεγαμη-

215 426 386 486 κότος.
439 430 611 475 ταῦτα
667 418 728 474 δὲ
778 417 847 489 ἧν
902 420 1039 490 μέγα
1086 420 1305 488 ἀγαθὸν
1350 422 1592 487 νομίζειν
1638 419 1917 491 ἀργύριον

216 511 306 565 καὶ
346 514 478 580 μήτε
516 508 641 580 περὶ
681 509 777 572 τὰς
814 511 1003 578 τρίχας
1033 511 1166 577 μήτε
1197 507 1323 578 περὶ
1355 510 1416 562 τὸ
1448 511 1750 578 πρόσωπον
1779 507 1918 578 μήτ’

171 621 191 653 5
217 596 286 653 αὖ
333 597 460 669 περὶ
507 599 603 660 τὰς
657 597 894 666 ἐσθῆτας
948 594 1122 666 μηδὲν
1167 603 1451 651 ποιεῖσθαι
1496 598 1728 665 μάταιον
1779 596 1915 650 ἀνά-

215 692 382 757 λωμα.
422 695 796 757 χρυσοφορεῖν
836 683 897 739 δὲ
936 684 1235 756 ἐπέτρεπον
1280 684 1373 739 καὶ
1418 687 1588 758 ταύτῃ
1639 687 1911 739 καλλωπί-

216 779 326 841 ζειν
371 774 463 829 καὶ
511 775 680 846 δέρην
725 773 816 828 καὶ
870 785 1056 845 χεῖρας
1108 774 1199 828 καὶ
1249 777 1438 837 πόδας.
1493 776 1562 828 τὸ
1616 773 1733 843 μὲν
1787 775 1913 844 γὰρ

214 866 567 933 ψιμύθιον,
614 862 782 933 ἔφην,
829 851 936 916 καὶ
983 865 1057 916 τὰ
1111 872 1383 917 τοιαῦτα
1438 865 1910 935 περιπλύνεται

214 952 318 1007 καὶ
375 955 474 1006 δεῖ
526 953 724 1006 πάλιν
772 951 998 1022 ἑτέρου
1043 951 1150 1005 καὶ
1184 954 1488 1025 αδαπάνης
1536 951 1782 1023 ἑτέρας,
1837 953 1911 1005 τὰ

151 1065 193 1097 10
217 1043 453 1111 χρυσία
516 1039 583 1094 δὲ
638 1035 869 1112 οἷάπερ
924 1037 1002 1110 ἦν
1054 1041 1239 1109 μένει
1292 1043 1398 1095 καὶ
1453 1039 1606 1095 οὐδὲ
1658 1042 1732 1094 τὰ
1785 1049 1916 1093 τῶν

217 1133 492 1199 ἱματίων
531 1131 732 1183 ταῦτά
779 1150 848 1198 γε
897 1131 996 1183 δεῖ
1045 1131 1320 1199 πάσχειν
1361 1127 1515 1184 οὐδὲ
1554 1132 1912 1200 τρίβεσθαι

213 1221 286 1272 τὰ
343 1221 604 1282 τούτοις
659 1221 1126 1288 συμβαίνοντα.
1190 1219 1238 1271 9.
1277 1217 1369 1272 καὶ
1423 1220 1519 1282 τὰς
1568 1220 1914 1289 θεραπαίνας

213 1310 309 1371 τὰς
370 1308 539 1376 αὐτῆς
593 1307 911 1377 ἐπαίδευον,
974 1309 1030 1361 αἱ
1084 1308 1188 1377 μὲν
1240 1309 1345 1376 γὰρ
1400 1316 1499 1361 τοῦ
1554 1308 1757 1375 πατρὸς
1810 1305 1905 1360 ὑπ’

214 1397 429 1451 ἐκείνου
483 1396 759 1466 βέλτισται
814 1395 1155 1466 ἐγεγένηντο.
1216 1398 1435 1460 πάντως
1489 1393 1593 1450 οὗν
1653 1392 1795 1464 ἦσαν
1850 1394 1914 1449 ἐν

147 1506 189 1540 15
214 1483 397 1556 ἔργοις
459 1496 730 1555 συνεχῶς,
792 1494 1059 1555 χειμῶνος
1119 1483 1220 1555 μὲν
1282 1484 1724 1555 προστιθεμένου
1793 1494 1913 1547 ταῖς

212 1573 438 1644 ἡμέραις
477 1574 677 1645 μέρους
716 1583 809 1643 τῆς
849 1576 1049 1638 νυκτὸς
1088 1575 1154 1628 οὐ
1194 1583 1419 1645 μικροῦ,
1465 1582 1564 1628 τοῦ
1603 1573 1810 1644 θέρους
1849 1570 1910 1626 δὲ

215 1663 445 1726 οὐδενὸς
491 1671 586 1732 τῆς
633 1663 837 1734 ἡμέρας
883 1662 1084 1733 μέρους
1137 1663 1294 1735 ὕπνῳ
1350 1662 1663 1730 διδομένου.
1715 1663 1803 1716 καὶ
1850 1662 1912 1715 τὸ

339 1858 390 1896 11
425 1852 524 1897 Liv.
548 1854 755 1909 xxxw,
783 1859 805 1897 7

332 2035 354 2072 1
387 2029 446 2073 τὰ
479 2030 598 2074 αὐτὰ
623 2032 699 2075 La
732 2031 813 2075 sed
847 2045 986 2087 supra
1018 2032 1122 2088 α(3)
1153 2045 1229 2074 ras
1299 2037 1445 2074 ταῦτα
1477 2031 1578 2074 Mor
1609 2030 1676 2073 Re
1798 2036 1822 2073 2
1858 2031 1909 2075 δὲ

211 2102 286 2133 om
313 2091 386 2133 Pa
506 2094 530 2131 3
565 2087 678 2146 μέγα
705 2092 780 2134 La
812 2091 893 2134 sed
926 2107 974 2147 εγ
1006 2090 1054 2133 in
1087 2091 1163 2134 ras
1190 2105 1226 2146 p
1273 2093 1279 2147 Ι
1329 2090 1553 2148 ἀργύριον
1585 2089 1751 2145 scripsi
1783 2103 1809 2134 e
1833 2091 1909 2134 La

219 2149 335 2192 VaB
397 2149 595 2204 ἀργύρια
622 2150 675 2194 Ol
735 2149 939 2205 ἄργυρον
957 2150 1079 2194 LPa
1104 2150 1195 2192 edd
1318 2154 1345 2192 4
1375 2150 1482 2204 περὶ
1505 2148 1592 2199 τὰς
1615 2149 1773 2205 τρίχας
1797 2148 1908 2206 μήτε

211 2221 283 2250 om
319 2208 386 2252 Va
415 2210 420 2264 Ι
449 2205 554 2263 μήτ’
590 2205 670 2266 αὖ]
704 2207 813 2264 μήτε
838 2210 914 2252 La
1035 2212 1061 2251 5
1094 2207 1239 2265 μηδὲν
1267 2210 1343 2252 La
1375 2209 1457 2252 sed
1490 2221 1630 2264 supra
1660 2224 1688 2263 η
1721 2221 1797 2250 ras
1833 2221 1907 2251 ac·
1951 2245 1959 2253 .

210 2268 317 2309 cent
461 2271 484 2309 6
526 2265 787 2322 ἀπέτρεπον
811 2269 885 2312 Ρα
934 2270 940 2324 Ι
990 2267 1069 2311 καὶ
1100 2266 1332 2324 τράχηλον
1367 2268 1476 2324 posi:
1506 2263 1806 2318 καλλωπίζειν
1831 2268 1910 2311 La

331 2330 354 2368 7
387 2326 467 2368 καὶ
501 2326 569 2369 Va
601 2326 682 2369 sed
714 2343 740 2369 κ
774 2340 874 2370 eras
903 2329 908 2383 Ι
938 2324 1068 2380 ὃέριν
1096 2327 1149 2370 Ol
1211 2326 1370 2382 ὃέρρω
1404 2327 1473 2371 Va
1506 2325 1587 2369 sed
1619 2343 1645 2370 ν
1670 2326 1718 2368 in
1744 2342 1766 2375 ς
1790 2339 1906 2379 corr,

210 2383 255 2426 B
317 2384 476 2440 δειρὴν
501 2385 575 2428 La
609 2385 665 2428 cf.
699 2388 731 2429 t.
757 2386 819 2429 IV
845 2390 944 2440 318,
966 2390 1020 2429 10
1071 2387 1077 2443 Ι
1127 2383 1280 2436 πόδας
1311 2385 1413 2429 Mor
1451 2385 1533 2429 sed
1570 2402 1623 2441 γρ
1664 2382 1815 2428 πόδου
1855 2384 1904 2427 in
1952 2416 1962 2422 κ

209 2455 343 2500 marg
464 2447 489 2485 8
519 2444 755 2499 ψιμύθιον
779 2444 944 2500 scripsi
970 2458 994 2488 e
1012 2445 1167 2489 LaVa
1192 2444 1283 2488 coll
1306 2446 1338 2487 ᾗ.
1359 2444 1422 2487 VI
1440 2448 1538 2498 524,
1554 2449 1574 2486 1
1638 2444 1907 2500 ψιμμύθιον

212 2502 311 2546 GlB
372 2500 628 2559 ψιμμίθιον
654 2503 773 2547 LPa
805 2504 896 2546 edd
1033 2507 1058 2547 9
1092 2503 1148 2547 τὰ
1183 2504 1233 2548 δὲ
1267 2501 1432 2560 χρυσία
1456 2503 1656 2547 PaVaB
1690 2503 1791 2546 Mor
1823 2502 1905 2546 sed

208 2560 256 2603 in
290 2560 377 2603 hoc
410 2578 463 2616 γρ
497 2560 554 2604 τὰ
585 2560 750 2619 χρυσία
783 2562 834 2606 δὲ
865 2562 914 2606 in
945 2576 1093 2619 marg,
1126 2563 1195 2607 Re
1319 2568 1369 2605 11
1405 2577 1454 2618 γε
1489 2575 1560 2605 om
1587 2563 1633 2605 Β
1677 2564 1682 2616 Ι
1726 2563 1800 2605 δεῖ
1830 2575 1905 2605 om

211 2620 265 2663 Ol
325 2619 382 2675 δὴ
408 2621 481 2664 Ρα
604 2625 656 2662 12
690 2620 747 2664 τὰ
779 2634 853 2664 om
881 2621 932 2666 Ol
959 2624 964 2678 Ι
994 2622 1044 2666 δὲ
1076 2624 1183 2677 post
1212 2618 1515 2675 θεραπαίνας
1541 2621 1615 2664 Ρα
1646 2620 1746 2664 Mor
1778 2620 1846 2663 Re

216 2677 369 2722 delevi
411 2678 419 2692 '
492 2682 545 2721 13
580 2687 676 2730 τοῖς
700 2681 745 2723 Β
774 2682 779 2736 Ι
808 2681 967 2731 αὐτοῖς
990 2682 1036 2724 Β
1097 2681 1240 2735 αὑτῆς
1274 2680 1377 2724 Mor
1406 2680 1474 2722 Re,
1501 2681 1507 2736 Ι
1535 2677 1783 2723 ὑπεκείνου
1811 2680 1864 2724 Ol

213 2733 298 2780 ὑπ’
334 2737 437 2780 Mor
469 2737 551 2780 sed
584 2755 637 2793 γρ
670 2736 755 2781 ἀπ’
790 2739 838 2781 in
870 2753 1003 2796 marg
1065 2736 1147 2782 ἀπ’
1178 2741 1251 2784 Ρα
1373 2743 1426 2782 14
1466 2735 1693 2796 βέλτισται
1719 2739 1793 2782 La
1825 2751 1872 2782 se

213 2798 259 2838 ελ
291 2796 341 2838 in
373 2809 449 2839 ras
483 2797 512 2850 f
546 2800 551 2851 Ι
596 2795 840 2852 γεγένηντο
869 2799 996 2842 OlLa
1058 2796 1296 2855 ἐγεγένητο
1322 2799 1394 2842 Ρα
1430 2801 1435 2854 Ι
1469 2796 1654 2847 πάντως
1685 2797 1849 2853 scripsi
1881 2810 1908 2840 e

212 2848 288 2898 Pa
350 2854 523 2906 πάντες
554 2855 725 2910 reliqui
755 2855 865 2899 libri
897 2857 989 2900 edd
1021 2857 1101 2900 sed
1133 2873 1187 2913 γρ
1219 2856 1405 2906 πάντως
1435 2856 1484 2898 in
1515 2870 1647 2913 marg
1678 2856 1780 2900 Mor

215 2918 269 2956 15
301 2921 494 2970 χειμῶνι
520 2915 725 2959 PaCZLa
738 2916 806 2960 Va
930 2920 983 2958 17
1018 2917 1233 2972 οὐδαμῶς
1255 2917 1332 2960 La
1382 2917 1387 2972 Ι
1429 2922 1509 2971 τῆς
1539 2914 1712 2971 ἡμέρας
1743 2913 1911 2971 μέρους
