2014 3158
221 141 330 193 650
636 138 900 198 [LIBANII]
933 138 1322 184 DECLAMATIO
1355 137 1497 184 XLIX

219 274 308 345 ἐφ’
353 274 583 329 ἑκάστου
630 276 766 328 κατὰ
811 276 913 344 τὴν
965 276 1175 328 οἰκείαν
1232 276 1347 346 ἰδίᾳ
1400 275 1555 340 τάξιν
1601 275 1912 339 ἀντιθέσεις

219 365 513 433 εἰσάγομεν
561 365 632 426 ὡς
679 362 985 432 ἀναγκαίαν
1032 363 1171 432 ὁμοῦ
1217 362 1307 417 καὶ
1350 363 1655 433 ἐναγώνιον
1693 363 1784 418 καὶ
1824 365 1910 419 εὐ-

218 462 377 522 κρινῆ
425 454 527 522 τὴν
575 453 711 522 ὅλην
759 455 1088 522 διαχείρισιν
1136 457 1409 522 γίνεσθαι.
1468 453 1519 506 5.
1565 459 1803 522 θεωρεῖν
1851 451 1911 508 δὲ

130 548 250 592 RIV
268 553 348 591 741
400 541 555 606 ἄξιον
618 542 763 605 ὅπως
817 543 1084 596 λανθάνει
1121 542 1127 610 Ι
1161 539 1263 609 μὲν
1324 541 1386 596 ἐν
1445 551 1560 605 τοῖς
1621 542 1795 610 ἀγῶσι
1848 546 1909 597 τὸ

174 655 193 688 5

154 1105 195 1136 10

153 1549 195 1581 15

155 1994 196 2025 20

217 633 415 700 πάθος,
442 632 710 685 λανθάνει
743 629 802 684 δὲ
835 633 1003 685 πάλιν
1036 631 1097 685 ἐν
1127 642 1243 695 τοῖς
1274 632 1516 685 πάθεσιν
1548 629 1715 685 οὐδὲν
1746 628 1910 701 ἧττον

219 721 615 790 ἀγωνιζόμενος
655 720 745 774 καὶ
785 722 998 774 τούτων
1031 720 1291 789 ἑκάτερον
1322 720 1383 774 ἐν
1415 721 1748 791 ἀμφοτέροις
1778 725 1910 791 πλη-

219 821 357 880 ρῶν,
397 809 459 863 ἔν
498 830 555 863 τε
593 798 708 873 τοῖς
747 808 885 877 ὑπὲρ
927 810 1098 863 αὑτοῦ
1142 812 1324 878 λόγοις
1362 811 1452 863 καὶ
1491 818 1605 873 τοῖς
1643 811 1779 863 κατὰ
1817 818 1912 880 τῆς

218 910 486 970 μητρυιᾶς
531 898 621 952 καὶ
670 899 816 963 ὅπως
868 901 1168 970 πόρρωθεν
1221 900 1530 969 προδιοικεῖ
1582 900 1647 952 τὰ
1702 898 1910 970 συμφέ-

220 1009 390 1059 ροντα
428 987 518 1042 καὶ
557 989 882 1058 προδιαλύει
922 990 987 1042 τὰ
1026 989 1342 1056 βλάπτοντα
1380 989 1470 1042 καὶ
1517 997 1581 1059 τῇ
1623 993 1910 1058 Δημοσθε-

219 1086 344 1148 νικῇ
397 1081 725 1147 κατανοήσει
779 1079 1059 1149 χρώμενος
1119 1088 1231 1141 τοῖς
1286 1075 1387 1148 μὲν
1449 1077 1678 1147 ἀθρόοις
1739 1076 1912 1147 ἠρέμα

221 1168 647 1236 συναγωνίζεται
692 1169 1047 1236 πανταχόθεν
1092 1166 1462 1238 περιστέλλων
1510 1167 1648 1220 αὐτὰ
1694 1165 1786 1219 καὶ
1825 1183 1911 1219 πι-

220 1257 538 1324 στούμενος,
578 1266 690 1309 τῶν
722 1253 783 1308 δὲ
815 1257 1098 1325 πρόδηλον
1131 1255 1371 1326 ἐχόντων
1402 1257 1503 1325 τὴν
1542 1256 1783 1324 δύναμιν
1821 1254 1911 1309 καὶ

221 1346 462 1399 αὐτόθεν
522 1347 767 1416 ἰσχυρῶν
821 1344 1174 1415 φαινομένων
1229 1346 1494 1413 οὐδεμίαν
1545 1345 1912 1415 προβάλλεται

220 1437 557 1504 βοηθοῦσαν·
585 1433 839 1488 ἐπίνοιαν
878 1431 1114 1503 ἔξωθεν,
1161 1435 1253 1487 ἵνα
1300 1444 1415 1497 τοῖς
1460 1434 1778 1504 πράγμασιν
1817 1433 1911 1486 αὐ-

220 1532 334 1586 τοῖς
373 1522 464 1576 καὶ
502 1525 574 1593 μὴ
616 1525 888 1592 δεινότητι
929 1525 1062 1594 δοκῇ
1101 1525 1505 1594 περιγίνεσθαι,
1543 1523 1634 1576 καὶ
1675 1524 1766 1576 διὰ
1801 1531 1912 1576 τῶν

221 1613 405 1666 αὐτῶν
458 1621 606 1666 ποιεῖ
659 1613 720 1666 τὸ
777 1615 1226 1682 συναμφότερον,
1289 1610 1358 1665 δι’
1422 1609 1503 1666 ὧν
1564 1612 1912 1680 ἀπολογεῖται

219 1711 542 1771 κατηγορῶν
593 1700 684 1754 καὶ
739 1698 810 1755 δι’
864 1697 944 1755 ὧν
997 1710 1290 1772 κατηγορεῖ
1344 1703 1910 1771 συναπολογούμενος.

222 1792 268 1843 6.
308 1793 573 1860 προσήκει
614 1788 674 1844 δὲ
714 1792 952 1860 χρηστὸν
991 1792 1080 1844 καὶ
1119 1793 1428 1845 σπουδαῖον
1459 1790 1777 1846 ὑποθέσθαι
1813 1791 1913 1844 τὸν

220 1882 389 1933 παῖδα
435 1887 530 1948 τῆς
577 1888 676 1933 τοῦ
724 1884 1020 1950 ζητήματος
1065 1881 1312 1944 πλάσεως
1358 1881 1453 1943 τας
1492 1881 1744 1950 ἀφορμὰς
1781 1879 1912 1948 ἡμῖν

221 1970 357 2073 πρὸς
411 1977 575 2021 τοῦτο
630 1969 1024 2039 παρεχομένης,
1080 1970 1223 2022 οὕτω
1279 1971 1382 2038 γὰρ
1439 1969 1508 2022 ἂν
1554 1972 1764 2038 μαλλον
1810 1969 1912 2037 τὴν

341 2121 366 2159 8
400 2116 456 2160 of
490 2119 523 2160 13.
547 2116 611 2159 IV
638 2121 736 2172 170,
756 2121 811 2158 22

344 2254 365 2292 1
401 2247 488 2305 ἀφ’
519 2250 758 2295 MaC'lAth
786 2251 792 2305 Ι
820 2250 899 2293 καὶ
932 2251 1040 2294 ante
1073 2247 1200 2294 ἰδίαν
1227 2251 1314 2294 Μα
1343 2253 1348 2307 Ι
1378 2249 1475 2331 ἰδίᾳ
1508 2265 1582 2293 om
1607 2249 1795 2295 HVVi³

223 2315 247 2351 2
296 2308 538 2376 εἰσάγομεν
574 2310 664 2353 Ma
707 2309 787 2353 sed
831 2308 1062 2365 ἠγάγομεν
1107 2323 1322 2365 suprascr
1357 2309 1427 2352 m³
1571 2314 1595 2351 3
1636 2306 1911 2365 διαχείρισιν

222 2367 385 2424 scripsi
425 2382 480 2411 ex
514 2368 607 2413 Ath
646 2370 692 2411 et
733 2370 840 2413 Par.
868 2373 958 2412 854
1001 2383 1106 2412 cum
1149 2369 1309 2412 Bastio
1349 2368 1483 2424 Greg
1526 2367 1625 2411 Cor.
1664 2383 1709 2423 p.
1742 2371 1799 2412 80
1839 2367 1909 2411 ed.

223 2427 443 2470 Schaefer
512 2425 799 2484 διαχείρησιν
830 2427 999 2483 reliqui
1029 2428 1137 2471 libri
1171 2428 1262 2471 edd
1311 2430 1316 2484 Ι
1367 2425 1613 2484 γίγνεσθαι
1638 2428 1793 2471 AthM
1821 2427 1913 2471 edd

280 2484 502 2543 γενέσθαι
536 2487 662 2531 VViss
783 2491 807 2529 6
840 2494 974 2531 τοῦτο
1009 2488 1050 2529 V
1078 2487 1202 2530 sed
1236 2503 1286 2530 το
1320 2487 1368 2530 111
1398 2499 1473 2530 ras
1505 2486 1576 2529 m²
1634 2493 1801 2530 τοῦτον
1834 2486 1912 2530 7133

226 2546 230 2600 Ι
269 2544 483 2601 ἑκάτερος
516 2546 564 2590 ἓν
595 2546 652 2589 Η
794 2550 816 2587 7
854 2547 995 2590 αὑτοῦ
1030 2547 1092 2590 Μ
1163 2547 1306 2591 αὐτοῦ
1337 2545 1504 2601 reliqui
1538 2545 1647 2588 libri
1680 2545 1793 2588 edd

223 2609 249 2648 8
282 2611 487 2660 μητρυᾶς
510 2606 568 2649 Η
683 2603 968 2662 9βλέποντα
993 2607 1098 2649 HV
1123 2606 1204 2649 sed
1236 2605 1285 2648 in
1316 2605 1405 2648 hoc
1435 2605 1485 2647 in
1516 2604 1779 2662 βλάπτοντα
1811 2617 1913 2647 corr

222 2664 292 2706 m²
349 2667 354 2718 Ι
411 2670 465 2738 τῇ
508 2664 682 2707 inserui
726 2678 781 2707 ex
814 2664 1002 2707 HVVi⁸
1086 2664 1378 2708 sc'AthBVa
1462 2678 1536 2707 om
1571 2664 1780 2708 MaClM
1819 2663 1910 2706 edd

344 2727 397 2765 10
430 2721 629 2777 αθρόοις
651 2724 713 2767 Μ
846 2727 900 2765 13
934 2723 1043 2767 οὐδὲ
1075 2721 1186 2779 μίαν
1211 2725 1353 2767 ΗΜα
1487 2727 1540 2766 15
1573 2722 1634 2779 μὴ
1664 2722 1789 2766 inser
1822 2721 1912 2766 Va²

227 2781 231 2838 Ι
268 2783 401 2825 δοκεῖ
423 2782 475 2826 Cl
517 2784 523 2838 Ι
565 2780 917 2838 περιγίγνεσθαι
944 2784 1177 2827 MaVaM
1205 2782 1295 2825 edd
1419 2787 1471 2825 16
1506 2779 1573 2825 δι’
1608 2782 1761 2825 αὐτῶν
1786 2782 1910 2825 BVa

344 2844 397 2883 17
430 2848 679 2897 κατηγορεῖ
708 2842 1162 2897 συναπολογούμενος
1196 2843 1236 2885 V
1265 2841 1345 2885 sed
1378 2848 1625 2897 κατηγορεῖ
1653 2854 1735 2884 συν
1758 2840 1804 2883 in
1834 2853 1909 2882 ras

223 2898 292 2941 m²
355 2903 739 2956 συναπολογεῖται
772 2900 1142 2956 ἀπολογούμενος
1166 2902 1223 2944 Η
1354 2905 1407 2943 19
1440 2906 1522 2956 τῆς
1545 2926 1600 2932 —
1627 2904 1682 2943 20
1714 2914 1910 2956 ενιάρεχοκ

225 2955 363 3014 μένης
394 2972 468 3002 om
493 2960 549 3002 Η
556 2959 682 3003 ῘῙῙῙι
824 2963 879 3001 20
918 2958 1231 3015 παρεχόμενος
1258 2959 1348 3003 Ath
1423 2956 1739 3015 παρεχόμενον
1767 2957 1911 3002 MaGl
