2044 3168
235 79 348 132 ‘170
824 53 1115 124 GREGORH
1145 78 1348 124 CYPRH

239 217 309 269 δα
355 218 545 283 λαβεῖν
591 214 682 269 καὶ
732 215 989 268 ἀκόντιον
1036 217 1127 269 καὶ
1175 224 1370 284 στῆναι
1415 216 1553 269 κατὰ
1601 224 1696 285 τῆς
1743 219 1929 270 νόσου.

237 301 271 372 ἦ
311 305 413 374 γὰρ
455 305 525 357 ἂν
565 298 706 367 εἶδες
745 305 847 357 οὐκ
887 303 986 368 ἔξω
1033 303 1232 372 βέλους
1278 305 1376 358 τὸν
1423 305 1595 358 παῖδα
1634 303 1753 358 οὐδ’
1799 305 1932 358 ἀπο-

236 401 478 446 κνοῦντα
517 394 618 462 τὴν
655 394 851 462 μάχην,
892 393 1030 446 ἀλλὰ
1068 392 1160 446 καὶ
1199 394 1344 462 μάλα
1384 392 1583 447 ἑαυτὸν
1622 395 1699 456 εἰς
1737 395 1798 447 τὸ
1830 402 1930 447 τοῦ

234 482 451 550 ’ἀγῶνος
483 482 744 536 ὠθοῦντα
775 485 1104 551 μεσαίτατον
1134 483 1225 536 καὶ
1258 484 1416 536 δυεῖν
1446 483 1690 553 θάτερον
1719 485 1931 553 πρόθυ-

175 586 213 623 ’5
238 591 361 640 μον,
402 570 434 640 ἢ
467 571 541 634 ὡς
571 570 904 640 πορρωτάτω
936 572 1206 624 κινδύνου
1238 570 1485 624 ἐκθεῖναι
1519 571 1654 641 [καὶ]
1683 569 1743 625 σὲ
1774 571 1807 641 ἢ
1838 571 1929 626 καὶ

239 660 408 714 αὐτὸν
448 660 620 713 αὐτοῦ
660 677 769 712 που
809 661 1050 713 πεσόντα
1089 664 1526 729 καθυπαχθῆναι
1564 670 1628 732 τῇ
1677 662 1931 731 περιστά-

238 764 337 818 σει,
377 747 467 801 καὶ
507 744 578 816 ἧν
616 749 687 801 ἂν
726 747 933 811 ἐκεῖνος
977 749 1242 802 θανάτων
1286 748 1513 803 πάντων
1558 751 1930 820 λαμπρότερός

236 857 294 890 τε
333 836 424 890 καὶ
465 838 821 906 δικαιότερος.
861 835 990 890 νυνὶ
1023 836 1073 890 δ’
1113 836 1243 890 οὔθ’
1281 837 1455 901 οὕτως
1493 835 1563 908 ἦν
1599 838 1715 892 οὔτ’
1753 840 1931 902 ἄλλως

236 925 377 997 ὑπὲρ
425 934 528 980 σοῦ
577 924 992 995 ἀγωνίσασθαιζ
1034 927 1121 979 διὸ
1176 924 1267 979 καὶ
1306 935 1633 998 παραχρῆμα
1680 929 1817 998 πρὸς
1866 928 1928 980 τὸ

169 1036 212 1068 10
236 1021 398 1069 θεῖον
445 1011 674 1068 ἀπεῖδον
723 1014 985 1067 κάκεῖθεν
1031 1013 1205 1084 ᾔτησα
1242 1016 1345 1084 τὴν
1383 1014 1721 1087 ἐπικουρίαν.
1767 1016 1830 1069 τὸ
1872 1015 1932 1068 δ’

235 1103 397 1167 ἀξίως
459 1102 658 1157 ἑαυτοῦ
722 1102 950 1173 ε’τάχυνε
1012 1110 1259 1157 σπεῦσαν
1318 1106 1407 1158 καὶ
1469 1106 1571 1174 τὴν
1633 1107 1797 1175 ἰσχὺν
1857 1105 1930 1168 ὡς

235 1196 429 1261 ἄριστα
492 1190 816 1255 ἐπεδείξατο.
887 1191 973 1246 55.
1026 1191 1153 1245 ἀνθ’
1218 1189 1298 1246 ὧν
1359 1195 1560 1263 μικρὸν
1620 1194 1723 1261 μὲν
1775 1195 1931 1263 ἡμεῖς

236 1282 508 1351 ἀπέδομεν
568 1285 815 1348 μείζονος
879 1282 1075 1351 δεῖγμα
1138 1282 1581 1351 εὐγνωμοσύνης,
1651 1283 1929 1352 ὀφείλεται

237 1369 298 1425 δὲ
343 1373 404 1424 τὸ
451 1370 621 1424 πλέον
673 1370 780 1439 ἀεί,
829 1369 933 1423 κάν
977 1382 1162 1424 πᾶσαν
1210 1368 1271 1424 δὲ
1323 1370 1587 1441 ἀνάθημα
1632 1373 1734 1440 τὴν
1779 1389 1931 1441 21:891,-

169 1480 210 1512 15
237 1462 436 1514 ουσίαν
473 1462 812 1528 ποιήσωμεν,
855 1461 1130 1529 χρεώστας
1169 1460 1373 1523 αὑτοὺς
1421 1459 1512 1514 καὶ
1550 1458 1632 1514 ἔτι
1670 1460 1930 1529 ἡγεῖσθαι

235 1558 530 1620 προσῆκον.
584 1550 656 1618 μὴ
711 1556 854 1617 γοῦν
909 1548 1031 1602 ἀντὶ
1084 1557 1185 1602 τοῦ
1239 1557 1403 1618 τιμᾶν
1458 1549 1675 1603 ἐθέλειν
1719 1548 1929 1619 ἡμέραν

227 1638 587 1708 Ἐλευθερίου
633 1638 722 1691 καὶ
772 1641 1166 1708 πανηγυρίζειν
1212 1640 1470 1708 Σωτήρια
1517 1638 1812 1708 συμφορὰν
1865 1639 1927 1691 τὸ

235 1739 457 1798 πρᾶγμα
495 1728 636 1796 ἡγοῦ
674 1725 765 1780 καὶ
804 1726 1052 1790 πένθους
1090 1730 1304 1796 πλήρου
1352 1728 1457 1780 τὸν·
1489 1722 1658 1780 οἷκον.
1712 1728 1930 1796 πληρώ-

237 1833 348 1878 σεις
388 1816 450 1869 δὲ
487 1816 705 1878 πάντως
754 1815 1152 1885 ἀποκηρύττων
1200 1814 1306 1885 ἐμέ.
1362 1814 1503 1884 ἀλλ’,
1545 1817 1618 1878 ὡς
1656 1813 1826 1884 ἔοικε,
1866 1817 1927 1869 τὸ

169 1925 212 1956 20
235 1903 359 1974 περὶ
407 1913 510 1957 σοῦ
557 1903 767 1967 πένθος
813 1903 919 1973 ἐγὼ
965 1901 1067 1974 μὲν
1114 1905 1142 1959 ὁ
1189 1913 1317 1968 παῖς
1362 1904 1698 1973 κατέπαυσα,
1754 1907 1823 1958 σὺ
1873 1901 1920 1957 δ’

236 1993 543 2063 ἀντεγεῑραι
583 1994 840 2056 σπεύδεις
881 1995 942 2046 τὸ
975 2001 1074 2047 τοῦ
1106 1994 1301 2056 παιδὸς
1332 1995 1604 2063 μηδεμιάν
1635 1994 1724 2047 καὶ
1756 2001 1928 2046 ταῦτα

235 2080 375 2151 ἔχων
414 2083 596 2134 αἰτίαν
635 2080 950 2150 ἐπενεγκεῖν
988 2081 1021 2150 ἢ
1062 2082 1146 2135 ὅτι
1184 2084 1245 2136 τὸ
1287 2084 1388 2136 σὸν
1425 2080 1564 2153 ὑπὲρ
1607 2085 1709 2135 σοῦ
1749 2086 1929 2145 καλῶς

237 2172 592 2242 διωκήκαμεν.
655 2169 741 2223 56.
788 2170 880 2224 καὶ
927 2172 1037 2240 μὴν
1083 2172 1286 2225 τούτου
1332 2191 1393 2239 γε
1443 2172 1605 2240 χάριν
1653 2171 1928 2237 θαυμάζοι

237 2260 305 2312 ἄν
350 2279 433 2321 τις
479 2260 730 2327 δικαίως,
785 2259 870 2312 ὅτι
915 2260 1006 2312 καὶ
1054 2258 1190 2328 μέγα
1236 2261 1297 2313 τὸ
1345 2260 1577 2329 γεγονὸς
1622 2256 1711 2312 καὶ
1756 2259 1928 2321 ὅντως

168 2368 209 2399 25
234 2348 571 2416 θαυμάσιον,
632 2349 803 2400 παῖδα
862 2345 964 2415 μὲν
1027 2350 1185 2417 ὄντα,
1247 2350 1391 2418 πλὴν
1444 2348 1611 2402 οὐδὲν
1667 2347 1777 2401 ὑπὸ
1833 2355 1929 2415 τῆς

235 2437 448 2504 ἡλικίας
506 2435 908 2505 περιτραπέντα
970 2435 1105 2505 μηδὲ
1166 2437 1447 2505 βλέψαντα
1509 2438 1587 2500 εἰς
1647 2429 1737 2489 οἷα
1798 2439 1928 2500 τοὺς

235 2523 397 2587 νέους
436 2526 604 2592 εἰκός,
655 2532 851 2593 νοῆσαι
891 2522 992 2591 μὲν
1031 2526 1175 2578 οὕτω
1223 2525 1347 2596 περὶ
1387 2533 1486 2578 τοῦ
1524 2527 1755 2595 πατρός,
1796 2525 1926 2578 ἀνα-

238 2616 409 2665 λῶσαι
462 2612 524 2665 δὲ
578 2615 970 2681 φιλοτιμότατα
1022 2614 1113 2667 καὶ
1162 2617 1389 2684 κρείττω
1437 2613 1608 2677 δεῖξαι
1657 2617 1926 2669 θανάτου.

235 2708 343 2753 νῦν
381 2700 601 2754 ἀπιέναι
642 2715 702 2754 σε
747 2700 999 2771 πέπρωτο
1038 2702 1129 2756 καὶ
1168 2703 1468 2773 παράτασις
1506 2711 1619 2755 τῶν
1656 2712 1753 2772 τῆς
1792 2707 1926 2772 ζωῆς

355 2836 379 2874 2
413 2829 442 2887 ἢ
470 2833 514 2875 V
628 2836 653 2875 5
685 2832 838 2889 καὶ(1)
863 2831 1119 2876 cancellavi
1242 2839 1296 2877 14
1320 2835 1480 2877 πλεῖον
1509 2834 1553 2876 V
1669 2839 1721 2876 15
1754 2834 1925 2886 αὐτοὺς

237 2890 403 2946 scripsi
465 2891 635 2940 αὐτοὺς
657 2891 757 2934 LV
1902 2919 1903 2922 ¹
