2014 3158
348 117 757 163 PH1LADELPH1
788 116 1212 163 ABDIGATIONIS
1243 116 1483 162 ΡΕΤΙΤΙΟ
1668 117 1775 170 635

81 257 180 327 οὐχ
220 257 370 329 αὐτῷ
408 257 735 324 περιουσίαν
766 252 887 308 οὐδ’
925 253 958 307 ἃ
990 251 1253 317 πολλάκις
1287 253 1293 323 Ι
1329 256 1458 316 τοὺς
1493 254 1595 323 μὲν
1639 258 1759 303 RIV
1779 263 1864 304 704

81 347 350 415 λαβόντας
392 346 595 413 ὤνησε,
642 346 772 406 τοὺς
811 340 871 396 δὲ
912 344 1109 406 δόντας
1149 343 1444 412 ἐλύπησεν,
1499 341 1615 396 ἀλλ’
1663 343 1775 408 ἀξι-

82 436 225 498 ώσας
273 436 350 497 εἰς
404 434 466 487 τὸ
521 431 683 501 γέρας
735 433 852 485 υἱεῖ
901 431 1107 501 πατέρα
1155 430 1491 496 συναλλάξαι
1539 434 1774 502 αἰσχρῶς

80 523 170 577 καὶ
211 523 414 593 ἀτίμως
453 521 822 591 ἐπεστομίσθη
854 520 945 574 καὶ
977 523 1223 590 μονονοὺ
1254 524 1588 591 πατραλοίας
1621 519 1774 586 ἔδοξε

79 613 167 667 καὶ
209 613 370 681 δίκην
408 611 656 680 ὀφείλειν
694 620 810 673 τοῖς
848 612 1054 678 νόμοις,
1096 611 1181 664 64.
1213 607 1381 680 μικρά
1417 631 1496 680 γε,
1537 612 1605 665 οὐ
1646 609 1774 681 γάρ;
1822 637 1842 670 5

82 704 160 765 εἰς
197 702 408 770 ἡδονὴν
446 707 617 754 ταῦτα
656 709 770 763 τοῖς
811 699 1083 763 ἐναντίοις
1120 699 1153 769 ἢ
1194 698 1363 754 πάλιν
1411 700 1632 764 ἐλπίδας
1672 701 1775 754 οὐκ

78 790 148 844 ἂν
187 788 577 859 ἐμποιήσοντας
628 790 700 859 μὴ
747 791 942 843 τοίνυν
981 789 1014 843 ἃ
1054 790 1328 843 δεδώκατε
1375 789 1605 853 ἐκείνοις
1651 791 1774 860 ἤδη,

80 887 251 933 ταῦτα
303 879 450 942 ὅπως
496 879 568 947 μὴ
617 879 820 932 δώσετε
868 882 1067 948 ζητεῖτε
1105 878 1231 948 μηδ’
1279 879 1377 942 οὓς
1425 879 1775 948 ἐψηφίσασθε

78 970 611 1039 παραμυθήσασθαι,
650 968 868 1031 τούτοις
909 973 1174 1038 φθονεῖτε
1212 977 1307 1038 τῆς
1346 967 1608 1038 ἐσομένης
1646 969 1774 1038 ἡδο-

0 1125 8 1135 ,
55 1066 194 1128 γῆς,
234 1057 371 1111 ἀλλά
413 1059 553 1126 δότε,
594 1053 636 1111 ὦ
677 1058 893 1127 ἄνδρες,
933 1058 1057 1111 δότε
1095 1078 1190 1127 μοι
1228 1059 1330 1126 τὴν
1370 1057 1636 1127 δευτέραν
1682 1059 1774 1128 χά-
1799 1083 1842 1116 ιο

79 1168 195 1216 ριν,
242 1146 430 1216 ἐπειδὴ
477 1148 579 1216 τὴν
627 1146 902 1218 προτέραν
948 1149 1108 1214 μείζω
1156 1156 1251 1217 τῆς
1302 1147 1578 1217 ἀριστείας
1615 1147 1775 1217 εὑρή-

77 1257 217 1291 κατε.
259 1235 513 1304 ἐκβάλετε
559 1244 654 1305 τῆς
703 1235 960 1308 πατρῴας
1008 1237 1207 1305 οἰκίας,
1254 1236 1440 1305 ἐπειδὴ
1482 1237 1579 1290 τὸν
1619 1236 1774 1290 ἀδελ-

79 1327 190 1395 φὸν
229 1324 529 1394 ἐπανάγειν
569 1326 671 1379 οὐκ
711 1327 906 1396 ἔσχετε.
964 1325 1047 1379 65.
1087 1328 1143 1379 τί
1178 1335 1515 1391 κατοκνεῖτε;
1557 1326 1630 1395 μὴ
1670 1326 1773 1397 γὰρ

78 1418 270 1485 λαβεῖν
307 1435 361 1469 τι
400 1416 694 1485 βούλομαι;
742 1414 995 1486 στέρησις
1041 1424 1154 1468 τῶν
1194 1416 1374 1468 ὄντων
1419 1413 1571 1469 ἐστὶν
1608 1415 1642 1484 ἡ
1682 1413 1775 1484 χά-

79 1525 177 1574 ρις.
219 1504 416 1575 ἀρτίως
455 1503 556 1573 μέν
596 1524 657 1572 γε
696 1511 771 1577 τῷ
811 1503 976 1575 πατρὶ
1016 1507 1362 1574 χαριζόμενοι
1395 1506 1494 1558 τὸν
1523 1505 1773 1574 ἠριστευ-
1799 1528 1840 1562 15

78 1596 208 1648 κότα
239 1594 494 1663 ἠδικεῖτε,
526 1601 634 1647 νῦν
666 1591 726 1647 δὲ
758 1593 1092 1664 ἀμφοτέροις
1125 1593 1428 1664 ἀρέσκοντα
1455 1598 1772 1662 ψηφιεῖσθε.

77 1682 344 1752 ποιήσατέ
386 1703 451 1752 με
499 1681 780 1752 ἀνέστιον,
834 1691 1058 1753 πρᾶγμα
1104 1684 1333 1752 ἥδιστον
1381 1682 1526 1752 ἐμοί,
1572 1691 1774 1738 τοῦτον

0 1802 2 1804 v
79 1770 420 1836 ἀπαλλάξατε
459 1773 672 1842 παιδός,
710 1780 935 1843 πρᾶγμα
975 1774 1217 1842 σύνηθες
1256 1778 1331 1845 τῷ
1364 1775 1544 1843 πατρί.
1584 1773 1671 1828 66.
1703 1772 1774 1826 ἂν

79 1859 141 1916 δὲ
180 1863 510 1931 φειδόμενοί
543 1882 652 1931 μου
692 1863 764 1932 μὴ
813 1863 951 1916 δῶτε
996 1870 1184 1927 τοῦτο,
1232 1863 1625 1932 διαβεβλήκατε
1671 1863 1774 1932 τὴν

77 1950 352 2021 προτέραν
405 1959 629 2020 γνῶσιν.
693 1950 980 2021 ὑβρικέναι
1042 1953 1147 2021 γάρ
1204 1951 1271 2006 ὃν
1333 1957 1448 2005 ἴστε
1501 1953 1772 2021 χρήσιμον
1797 1975 1840 2007 so

0 2073 2 2077 -
40 2112 45 2119 J
78 2040 458 2110 ὁμολογήσετε.
499 2040 621 2094 ὅσοι
661 2041 965 2110 πρεσβύται
1005 2039 1077 2094 δι’
1123 2041 1264 2110 ἡμᾶς
1311 2041 1540 2103 ἄπαιδες
1579 2041 1645 2094 οὐ
1685 2060 1772 2109 γε-

79 2127 344 2197 γένησθε,
395 2128 517 2182 ὅσοι
562 2130 762 2192 παῖδας
807 2128 967 2192 νέους
1016 2129 1302 2199 ὀρφανοὺς
1348 2130 1414 2183 οὐ
1461 2132 1772 2184 καταλελοί-

0 2250 4 2291 '.
78 2234 230 2286 πατε,
270 2217 393 2270 ὅσοι
433 2226 698 2286 γυναῖκας
737 2218 839 2272 οὐκ
871 2220 1042 2272 εἴδετε
1072 2219 1209 2289 πρὸς
1240 2218 1430 2289 ὕβρεις
1463 2217 1771 2286 ἑλκομένας,

198 2384 254 2423 23
287 2378 345 2423 cf.
378 2394 422 2436 p.
449 2383 550 2434 446,
568 2385 593 2422 2
613 2393 679 2436 sq.

199 2532 224 2571 2
257 2527 428 2578 δόντας
451 2527 617 2584 scripsi
678 2526 898 2579 διδόντας
921 2528 1031 2573 libri
1056 2530 1147 2573 edd
1268 2533 1295 2572 4
1319 2527 1465 2585 μόνον
1490 2528 1544 2572 οὐ
1569 2530 1771 2584 πατραλ·

0 2566 6 2643 5
79 2584 208 2639 λοίας
232 2587 326 2632 Ath
468 2591 494 2630 5
524 2602 574 2631 τε
599 2588 693 2631 Ath
742 2589 748 2643 5
797 2588 853 2632 οὐ
885 2586 994 2645 γάρς
1029 2588 1196 2645 scripsi
1227 2590 1417 2632 auctore
1447 2587 1516 2630 Re
1593 2587 1648 2632 οὐ
1679 2586 1769 2644 γὰρ

0 2647 6 2695 ξ
78 2644 188 2690 libri
216 2646 307 2689 edd
443 2650 469 2689 8
502 2647 563 2702 μὴ
587 2644 633 2691 δ’
660 2645 770 2690 libri
803 2647 894 2691 edd
921 2650 928 2703 5
956 2647 1038 2699 οὓς
1068 2647 1233 2703 scripsi
1266 2661 1321 2690 ex
1345 2647 1438 2691 Ath
1476 2647 1529 2688 ut
1568 2645 1672 2690 coni
1704 2646 1771 2690 Re

1 2768 6 2781 ‹

0 2794 4 2826 5

0 2851 8 2955 ἰ

140 2701 211 2755 οἷς
234 2706 480 2750 LPMosB
512 2705 603 2749 edd
724 2710 749 2749 9
780 2713 878 2757 τοῖς
909 2705 1145 2763 ἐσομένοις
1167 2707 1212 2751 L
1350 2709 1404 2748 10
1437 2705 1650 2748 δικασταὶ
1677 2705 1770 2750 Ath

202 2768 254 2807 11
288 2764 387 2808 ἐπεὶ
419 2764 477 2820 δὴ
502 2764 595 2808 Ath
637 2769 643 2819 5
682 2763 904 2820 δευτέραν
929 2767 975 2810 Β
1098 2770 1151 2809 12
1186 2763 1422 2822 ἐκβάλλετε
1446 2765 1491 2808 Β
1524 2765 1572 2808 et
1602 2763 1771 2808 maluit

0 2827 6 2843 ²
80 2821 148 2866 Re
175 2825 183 2879 5
209 2824 428 2878 πατρώοις
451 2823 495 2866 L
618 2828 672 2867 14
706 2823 827 2868 ἔστιν
852 2825 986 2870 LPB
1110 2829 1162 2868 19
1195 2839 1286 2880 μου
1318 2836 1392 2866 om
1417 2823 1510 2867 Ath
1630 2827 1687 2867 20
1717 2824 1769 2868 τὸ

81 2882 190 2926 ante
222 2881 443 2938 χρήσιμον
468 2882 562 2926 Ath
610 2885 616 2940 5
658 2882 768 2939 ὑμῖν
799 2883 1103 2940 γεγενημένον
1133 2886 1242 2940 post
1270 2880 1495 2939 χρήσιμον
1525 2881 1770 2926 inserenda.

0 2958 3 3010 Ξ
83 2939 187 2983 coni
212 2940 280 2984 Re
402 2946 455 2985 21
490 2940 809 3003 ὡμολογήσατε
834 2943 927 2987 Ath
1048 2947 1103 2986 23
1137 2941 1289 2987 εἴδατε
1316 2942 1422 2986 Mos
1448 2943 1455 2998 5
1482 2938 1619 2999 ὕβριν
1641 2942 1687 2986 Β

0 3089 9 3158 ἑ
