2044 3168
274 110 378 162 194
697 110 924 155 LIBANH
955 110 1344 155 DECLAMATIO
1376 110 1546 155 XXXV

267 246 476 315 δήμους
523 246 710 309 αὑτοῖς
758 247 1013 300 διδόασιν
1060 244 1172 300 ἅττ’
1227 245 1297 301 ἂν
1346 246 1640 316 ἐθέλωσιν,
1689 243 1850 311 οὗτος
1896 244 1958 301 δὲ

265 331 391 405 παρ’
438 335 595 405 ὑμῶν
642 336 796 389 οὔπω
843 344 937 405 τῆς
984 335 1151 406 ἀρχῆς
1199 335 1612 405 ἐκβεβλημένων
1663 335 1959 405 ἐπήγγελλε

265 431 436 477 ταῦτα
476 423 509 477 ἃ
548 424 821 494 τύραννος
853 426 1002 497 μόνῳ
1036 425 1289 497 τυράννῳ
1323 428 1610 495 χαρίζεται,
1650 425 1816 478 οὐδὲν
1846 423 1956 479 ἕτε-

266 532 368 581 ρον
406 512 438 581 ἢ
480 511 653 577 δεῖξαι
693 516 1029 583 βουλόμενος
1069 515 1141 576 ὡς
1179 519 1253 586 τῷ
1296 515 1446 586 δήμῳ
1486 512 1602 567 κατ’
1642 514 1813 567 αὐτοῦ
1867 514 1956 568 δο-

175 606 296 651 RIV
313 611 399 651 234
449 605 676 674 ρυφόρῳ
709 605 965 672 χρήσεται
1003 603 1093 656 καὶ
1126 603 1227 656 οὐκ
1259 601 1504 666 ἐξισώσει
1535 604 1596 656 τὸ
1632 602 1638 672 Ι
1674 606 1819 672 βῆμα
1857 599 1958 672 μὲν
1992 669 2000 676 ·

220 713 240 746 6
263 682 380 754 τοῖς
417 693 735 760 μετεώροις,
787 692 889 760 τὴν
928 692 1272 761 δημηγορίαν
1319 688 1380 744 δὲ
1426 701 1543 754 τοῖς
1581 690 1955 761 ἐπιτάγμασιν.

375 780 461 834 22.
512 780 643 833 Οὐκ
692 782 906 849 ἔλαβε,
955 779 1144 847 λέγεις.
1196 779 1313 834 ἀλλ’
1361 779 1639 850 ἐζήτησεν,
1687 780 1748 834 ἐν
1788 782 1850 835 δὲ
1887 788 1962 854 τῷ

264 872 441 938 ζητεῖν
479 869 778 940 παρέβαινε
815 872 947 933 τοὺς
985 872 1203 939 νόμους.
1242 870 1432 938 μηδεὶς
1471 871 1576 940 γὰρ
1618 869 1651 922 ἃ
1693 869 1956 939 γενέσθαι

263 959 452 1012 δεινὸν
505 957 567 1012 ἐν
607 960 943 1029 δημοκρατίᾳ
987 957 1125 1027 μηδὲ
1174 958 1388 1026 λεγέτω.
1443 968 1554 1011 τῶν
1601 960 1705 1028 γὰρ
1746 960 1813 1029 δὴ
1855 979 1956 1029 φο-

196 1071 239 1103 10
263 1050 444 1118 βερῶν
481 1043 664 1117 ἔργων
703 1053 988 1118 μισεῖσθαι
1030 1050 1113 1100 δεῖ
1149 1046 1240 1100 καὶ
1285 1049 1350 1100 τὰ
1391 1048 1615 1118 ῥήματα.
1658 1048 1686 1102 ὁ
1728 1047 1780 1101 δ’
1824 1049 1956 1102 οὐδὲ

260 1135 423 1206 χάριν
462 1130 615 1190 οἶδεν
655 1140 733 1190 ἔτι
775 1140 897 1205 ζῶν,
938 1135 1055 1190 ἀλλ’
1103 1137 1404 1206 ἠδικῆσθαί
1441 1152 1613 1206 φησιν
1645 1138 1713 1191 οὐ
1754 1139 1954 1207 λαβών.

259 1227 438 1280 καίτοι
477 1226 539 1278 τὸ
579 1223 682 1293 μὲν
720 1236 875 1296 σῶμα
915 1226 1017 1279 οὐκ
1056 1222 1276 1294 ἔλαβεν,
1325 1223 1514 1297 ἕτερον
1563 1226 1623 1280 δὲ
1662 1226 1764 1280 οὐκ
1802 1223 1954 1280 ἔλατ-

259 1323 382 1383 τον,
429 1317 481 1367 εἰ
516 1317 589 1384 μὴ
636 1313 727 1367 καὶ
766 1318 967 1385 μεῖζον,
1007 1323 1105 1369 τοῦ
1146 1316 1396 1385 σώματος
1443 1317 1616 1383 ἔλαβε.
1669 1317 1727 1368 τί
1767 1322 1953 1380 τοῦτο;

260 1407 549 1458 συνείθισε
587 1405 687 1458 τὸν
726 1405 904 1474 δῆμον
943 1405 1213 1458 τοιούτων
1253 1403 1564 1474 ἀκροᾶσθαι
1614 1405 1809 1473 λόγων.
1863 1403 1953 1458 καὶ

192 1516 235 1549 15
261 1493 425 1556 αὐτὸς
473 1490 535 1547 δὲ
582 1493 729 1566 αὑτῷ
769 1491 858 1547 καὶ
901 1492 1106 1563 ἑτέροις
1153 1493 1253 1548 οὐκ
1301 1493 1509 1562 ὀλίγοις
1552 1502 1666 1556 τοῖς
1711 1495 1776 1547 τὰ
1815 1493 1954 1547 αὐτὰ

260 1584 461 1651 ζηλοῦν
508 1581 802 1636 ἐθέλουσιν
851 1583 1070 1654 εὐρεῖαν
1117 1581 1354 1654 ἀνέῳξεν
1402 1581 1549 1636 ὁδόν.
1619 1583 1705 1635 28.
1753 1581 1954 1652 ἐχθρὸς

259 1668 320 1724 δὲ
359 1671 461 1741 οὐχ
502 1665 665 1734 οὗτος
705 1671 824 1739 ἐμοὶ
865 1674 1058 1741 μόνον,
1098 1671 1237 1725 ἀλλὰ
1274 1670 1366 1724 καὶ
1407 1672 1562 1724 ἄλλοι
1595 1672 1788 1725 πολλοὶ
1825 1674 1953 1725 πολ-

259 1762 375 1823 λοῖς
415 1762 472 1812 οἳ
506 1761 607 1814 οὐκ
647 1759 716 1813 ἂν
756 1760 939 1829 ἀηδῶς
985 1761 1276 1823 τοιούτους
1313 1761 1638 1828 ποιήσαιντο
1678 1759 1802 1830 περὶ
1839 1770 1951 1814 τῶν

259 1849 548 1919 διαφόρων
588 1849 776 1912 αὐτοῖς
822 1847 883 1902 ἐν
932 1848 1190 1920 ἐκκλησίᾳ
1239 1851 1452 1917 λόγους.
1507 1850 1719 1902 τούτων
1765 1845 1827 1902 δὲ
1875 1850 1951 1912 εἰς

377 1985 402 2024 6
436 1980 492 2024 ef.
525 1996 570 2037 p.
597 1985 697 2037 219,
717 1985 739 2024 1

378 2103 400 2141 1
437 2099 595 2150 αὐτοῖς
620 2100 678 2144 H
684 2099 799 2144 VVa
825 2101 831 2156 Ι
861 2097 1053 2143 δίδωσιν
1086 2101 1156 2144 Va
1278 2103 1302 2142 2
1335 2097 1578 2155 ἐπήγγελλε
1604 2099 1674 2142 Va
1698 2098 1779 2142 sed
1803 2114 1821 2143 ι
1842 2100 1950 2156 posia

258 2159 348 2214 ε(2)
382 2171 483 2202 eras
606 2163 630 2201 3
666 2158 879 2214 τυράννω
904 2158 1030 2215 μόνω
1058 2159 1126 2203 Va
1248 2162 1273 2201 5
1308 2158 1392 2202 οὐκ
1417 2171 1492 2201 om
1516 2157 1627 2201 BM
1635 2158 1702 2202 Va
1731 2157 1832 2201 Mor

258 2222 282 2260 6
309 2215 618 2273 δημιουργίαν
637 2218 681 2262 V
795 2222 818 2260 7
847 2217 1007 2276 ἔλαβεν
1029 2218 1087 2262 Or
1114 2220 1120 2274 Ι
1150 2217 1363 2273 ἐζήτησεν
1380 2218 1426 2261 Β
1548 2221 1572 2260 9
1597 2223 1650 2275 τῇ
1676 2219 1785 2261 ante
1810 2220 1949 2273 δημο-

255 2274 423 2330 κρατία
441 2277 565 2321 BVa
592 2279 598 2333 Ι
627 2276 741 2334 μηδὲ
774 2276 938 2333 λεγέτω
970 2277 1019 2320 in
1051 2276 1124 2320 lae
1151 2281 1263 2319 6-7
1297 2276 1376 2319 litt
1400 2289 1475 2320 om
1499 2277 1544 2320 B
1573 2277 1578 2332 Ι
1607 2275 1667 2332 μὴ
1696 2276 1747 2321 δὲ
1775 2276 1952 2321 GrHM

264 2336 334 2380 Va
360 2337 368 2390 Ι
393 2343 485 2380 τῶν
510 2362 564 2368 -
594 2342 647 2379 10
679 2333 860 2393 ῥ’ήματα
893 2336 1076 2379 omissis
1109 2335 1197 2392 γὰρ
1223 2335 1280 2391 δὴ
1305 2334 1549 2392 particulis
1575 2335 1692 2378 citat
1715 2334 1948 2379 Macarius

255 2394 322 2438 fol
348 2399 427 2438 '79v
550 2399 605 2438 10
638 2394 661 2438 ὁ
696 2393 742 2438 δ’
779 2395 945 2451 scripsi
1009 2392 1081 2438 ὅδ’
1117 2392 1208 2451 (ὅδ’
1238 2395 1309 2449 Η)
1342 2394 1451 2438 libri
1483 2394 1574 2438 edd
1697 2399 1750 2438 11
1786 2394 1954 2438 ἔστιΜ

259 2454 264 2511 Ι
300 2458 444 2510 ζητῶν
472 2456 533 2499 M
539 2455 607 2499 Va
639 2454 741 2497 Mor
768 2457 774 2510 Ι
801 2454 1070 2510 ἠδικεῖσθαι
1099 2456 1157 2498 Μ
1218 2455 1491 2497 ἀδικεῖσθαι
1514 2453 1640 2497 BVa
1763 2457 1816 2496 13
1850 2452 1947 2497 ἕλα-

255 2513 336 2570 βεν
365 2513 422 2557 C'r
570 2519 622 2557 15
656 2511 796 2564 αὐτὸς
827 2513 878 2557 δὲ
912 2513 1077 2569 scripsi
1108 2526 1133 2556 e
1160 2512 1274 2557 C'rH
1281 2514 1325 2557 V
1381 2512 1520 2562 αὐτὸς
1550 2511 1597 2556 τὲ
1621 2513 1748 2556 BVa
1809 2510 1949 2563 αὐτός

254 2587 302 2615 τε
328 2572 390 2615 Μ
417 2573 508 2616 edd
536 2576 542 2626 Ι
571 2573 695 2627 αὐτῷ
723 2572 890 2617 OrHV
915 2573 1006 2615 edd
1129 2577 1183 2614 16
1216 2575 1365 2628 ζητεῖν
1389 2572 1577 2616 BMVa
1606 2571 1708 2615 Mor
1734 2572 1741 2628 Ι
1770 2569 1947 2615 ἀνέδει-

257 2631 333 2684 ξεν
361 2632 422 2675 Μ
429 2633 497 2676 Va
559 2631 731 2684 ἔδειξεν
756 2633 801 2675 Β
864 2629 923 2675 ἂν
956 2630 1128 2683 ἔδειξεν
1160 2630 1263 2674 Mor
1385 2634 1436 2674 17
1471 2630 1619 2688 ἄλλοι]
1653 2630 1767 2674 ἄλλα
1786 2631 1904 2676 GrH
1909 2631 1953 2675 V

316 2689 467 2740 ἄλλοις
491 2692 536 2735 Β
586 2692 592 2747 Ι
634 2691 794 2735 πολλοὶ
819 2703 894 2733 om
918 2691 964 2734 Β
1025 2689 1170 2734 πολλὰ
1197 2691 1314 2735 CrH
1319 2691 1363 2735 V
1479 2693 1532 2732 18
1566 2687 1716 2733 οὐκέτ’
1749 2690 1794 2734 Β
1836 2691 1842 2745 Ι
1885 2687 1945 2733 ἂν

255 2761 332 2792 om
357 2751 482 2794 BVa
509 2752 515 2803 Ι
543 2747 698 2807 ἀηδῶς
729 2749 893 2805 scripsi
927 2751 1114 2792 auctore
1147 2748 1319 2793 Cobeto
1353 2747 1453 2793 Coll
1481 2753 1565 2792 286
1628 2747 1809 2802 ἀδήλως
1834 2748 1954 2793 OrH

264 2809 349 2852 VB
362 2809 430 2852 Va
461 2808 528 2853 Re
590 2808 792 2863 εὐδήλως
824 2808 884 2851 Μ
911 2807 1013 2851 Mor
1044 2810 1092 2851 et
1124 2807 1281 2864 Steph.
1315 2807 1449 2851 Thes.
1483 2822 1516 2851 s.
1549 2822 1590 2851 v.
1626 2807 1632 2865 Ι
1672 2806 1944 2863 ποιήσαιντο

256 2867 494 2919 τοιούτους
519 2869 564 2912 Β
698 2872 751 2911 19
786 2869 1028 2924 διαφορῶν
1054 2869 1099 2911 Β
1127 2869 1133 2924 Ι
1161 2867 1336 2911 τούτων
1369 2867 1420 2911 δὲ
1451 2867 1499 2910 in
1531 2865 1606 2910 lac
1631 2871 1656 2909 6
1687 2866 1766 2910 list.
1798 2880 1873 2910 om
1897 2867 1943 2910 Β

260 2927 266 2982 Ι
301 2926 362 2977 ὡς
386 2927 431 2970 Β
