2014 3158
182 118 290 171 622
592 117 819 162 LIBANII
849 118 1239 163 DECLAMATIO
1273 117 1460 163 XLVIII

181 255 491 320 κομίζονται
542 252 632 307 καὶ
687 253 887 323 μέμψις
941 256 1192 323 ἄπεστιν,
1249 256 1295 307 εἰ
1351 253 1415 307 δέ
1473 274 1554 317 τις
1608 255 1874 326 δυσκολίᾳ

180 341 511 412 κεχρημένος
549 342 639 396 καὶ
680 346 807 406 τοὺς
847 345 1086 406 οἰκείους
1126 343 1274 414 ὁρῶν
1313 342 1375 396 ἐν
1413 352 1527 407 τοῖς
1566 343 1874 413 χαλεπωτά-

181 451 296 494 τοις
334 435 569 501 βοηθεῖν
610 432 902 486 ἀδυνατῶν
939 432 1206 502 μέμνηται
1247 441 1404 502 τιμῆς
1435 433 1525 487 καὶ
1566 434 1875 502 λαμπρότη-

181 540 271 583 τος
312 521 688 590 ἀντιποιεῖται,
727 529 928 575 τοῦτον
966 523 1055 575 καὶ
1095 530 1369 592 μισοῦμεν
1414 522 1504 575 καὶ
1544 522 1876 592 μεμφόμεθα

138 631 158 664 5
182 608 273 662 καὶ
312 615 468 673 θεοῖς
507 610 715 681 ἐχθρὸν
753 611 1054 680 ἡγούμεθα.
1104 613 1164 664 τὸ
1214 612 1317 680 γὰρ
1360 612 1592 681 ἄκαιρον
1631 611 1691 664 ἐν
1731 612 1877 681 αἰτία

182 707 478 769 πανταχοῦ.
519 700 604 752 27.
645 699 735 752 καὶ
775 708 881 753 νῦν
922 701 1022 754 οὐκ
1063 699 1123 771 ἐᾷ
1163 701 1376 753 τούτων
1425 697 1566 753 εἶναι
1611 701 1809 769 καιρὸν
1847 699 1875 753 6

185 789 477 858 δυστυχῶν
524 789 788 859 ἀδελφός,
836 789 864 843 6
913 789 1243 859 ἀντειρηκὼς
1292 792 1494 859 πατήρ,
1550 789 1578 842 6
1630 789 1876 852 πεισθεὶς

185 876 374 950 ἐκείνῳ
416 880 601 947 δῆμος.
642 877 757 931 ἀλλ’
806 877 885 931 ἐπ’
935 878 1138 949 ἀγορᾶς
1177 898 1243 948 με
1280 879 1471 948 βούλει
1520 886 1712 947 στῆναι
1751 882 1877 948 χαλ-

184 975 322 1020 κοῦν
369 968 502 1021 οὐδὲ
549 976 795 1036 φανῆναι
840 967 1119 1038 τάδελφοῦ
1167 972 1478 1035 τολμῶντος
1524 967 1606 1021 ἐπ’
1653 968 1879 1037 ἀγορᾶς;

119 1077 162 1109 ιο
187 1054 303 1109 ἀλλ’
352 1055 413 1109 ἐν
449 1059 760 1129 πρυτανείῳ
801 1064 1077 1111 σιτεῖσθαι
1117 1065 1212 1126 τῆς
1251 1062 1395 1111 οἴκοι
1433 1057 1695 1128 τραπέζης
1736 1057 1879 1110 ἐστε-

96 1149 216 1194 RIV
235 1155 319 1194 695
369 1145 609 1216 ρημένου
656 1148 880 1211 τούτου;
933 1147 1070 1199 ἀλλά
1108 1147 1347 1200 τάλαντα
1381 1145 1388 1217 Ι
1425 1149 1616 1215 λαβεῖν
1653 1160 1881 1216 προσαι-

187 1242 418 1298 τοῦντος
458 1236 696 1300 ἐκείνου;
737 1235 875 1289 ἀλλὰ
913 1237 1258 1306 κηρύγματος
1289 1245 1478 1305 τυχεῖν
1510 1235 1881 1305 ἀποκεκηρυγ-

187 1323 356 1391 μένου
395 1326 620 1389 τούτου;
659 1327 749 1394 μή,
788 1326 926 1395 πρὸς
957 1327 1114 1394 Διός,
1154 1328 1227 1395 μή
1259 1346 1325 1394 με
1355 1327 1587 1395 ποιήσῃς
1625 1323 1751 1392 περὶ
1783 1325 1884 1393 τὴν

190 1415 364 1477 φύσιν
411 1415 659 1483 πονηρὸν
704 1412 830 1483 μηδ’
878 1413 1149 1484 ε’πιδείξῃς
1197 1415 1471 1484 ὀλίγωρον
1515 1423 1627 1467 τῶν
1675 1413 1883 1482 ἐκείνης

123 1522 165 1556 15
189 1504 378 1572 νόμων
424 1505 479 1556 οἳ
531 1514 648 1566 τοῖς
702 1505 925 1566 οἰκείοις
978 1503 1150 1557 ταύτά
1203 1523 1260 1556 τε
1309 1506 1522 1574 χαίρειν
1575 1502 1664 1556 καὶ
1716 1503 1884 1556 ταύτὰ

191 1597 490 1645 λυπεῖσθαι
545 1594 824 1660 διώρισαν.
890 1594 1211 1660 συγγενείας
1266 1593 1327 1646 δὲ
1380 1592 1592 1660 ἀπάσης
1646 1590 1884 1660 ἀδελφὸς

192 1680 559 1748 ἐντιμότατον.
623 1681 709 1734 28.
764 1680 922 1751 φέρε,
978 1683 1025 1735 εἰ
1081 1679 1142 1734 δὲ
1200 1681 1481 1751 ἐτεθνήκει
1536 1679 1734 1734 νεωστὶ
1795 1681 1886 1734 καὶ

191 1774 507 1840 κατειλήφει
560 1771 662 1839 τὴν
715 1772 976 1839 τελευτὴν
1021 1772 1054 1840 ἡ
1102 1774 1226 1840 νίκη
1280 1772 1371 1824 καὶ
1424 1771 1549 1841 περὶ
1601 1771 1810 1840 δωρεᾶς
1856 1770 1884 1823 ὁ

194 1860 363 1929 δῆμος
408 1865 681 1928 καθῆστο,
733 1855 819 1929 ἀρ’
865 1861 933 1914 ἄν
972 1880 1037 1930 με
1085 1862 1266 1923 δοκεῖς
1313 1860 1579 1924 δέξασθαι
1625 1858 1887 1913 ταυτὶ-τὰ

126 1970 170 2002 20
194 1950 381 2018 σεμνά,
420 1949 517 2002 τὸν
558 1947 852 2018 στέφανον,
891 1950 992 2018 τὴν
1031 1951 1236 2018 εἰκόνα,
1275 1951 1468 2018 τᾶλλα,
1510 1947 1627 2002 ἀλλ’
1675 1949 1778 2001 οὐκ
1818 1948 1888 2002 ἂν

195 2037 255 2091 ἐν
293 2038 512 2107 χάριτος
552 2036 704 2107 μέρει
743 2039 803 2091 τὸ
844 2041 1036 2106 λαβεῖν
1074 2059 1198 2092 τινα
1238 2040 1442 2109 χρόνον
1475 2039 1551 2100 εἰς
1582 2039 1644 2090 τὸ
1677 2036 1888 2100 πένθος

194 2128 434 2196 αἰτῆσαις
474 2135 582 2180 νῦν
619 2128 814 2180 τοίνυν
854 2127 918 2180 οὐ
959 2126 1192 2197 τέθνηκε
1232 2127 1351 2197 μέν,
1392 2126 1420 2180 ὃ
1459 2123 1519 2179 δὲ
1557 2130 1742 2199 πολλῷ
1784 2131 1887 2179 θα-

194 2217 366 2270 νάτου
407 2217 732 2286 βαρύτερον,
774 2217 962 2283 ἄτιμος
1002 2216 1367 2286 περιέρχεται,
1407 2221 1619 2284 μᾶλλον
1660 2212 1720 2268 δὲ
1758 2215 1888 2284 κρύ-

196 2324 397 2358 πτεται.
436 2307 494 2357 τί
522 2300 624 2357 οὖν
660 2304 688 2358 6
720 2307 909 2373 καιρὸς
941 2304 1296 2373 ἐπαγγέλλειν
1327 2314 1607 2376 παραινεῖ;
1647 2303 1889 2373 μετέχειν

132 2415 173 2447 25
198 2395 345 2466 αὐτῷ
383 2402 479 2463 τῆς
518 2393 732 2464 ἀτιμίας
778 2392 870 2447 καὶ
916 2395 988 2463 μὴ
1034 2402 1257 2464 τρυφᾶν
1303 2393 1365 2447 ἐν
1412 2394 1686 2463 ἀκαιρίαις
1732 2391 1889 2445 ἀδελ-

200 2491 335 2551 φῶν.
401 2481 486 2534 29.
527 2482 706 2550 δωρεά
745 2482 806 2534 δὲ
845 2493 992 2535 πᾶσα
1039 2491 1103 2553 τῇ
1150 2490 1250 2536 τοῦ
1300 2484 1677 2551 λαμβάνοντος
1715 2482 1889 2552 ἡδονῇ

198 2572 459 2639 κρίνεται,
499 2572 559 2624 τὸ
601 2570 662 2623 δὲ
701 2573 963 2641 λυπηρόν,
1003 2570 1106 2624 κᾶν
1147 2572 1322 2634 ἄλλως
1358 2565 1393 2642 ᾖ
1424 2581 1535 2624 τῶν
1573 2575 1772 2638 καλῶν,
1814 2572 1891 2634 εἰς

199 2661 468 2729 τιμωρίαν
513 2663 667 2712 τελεῖ.
724 2659 919 2712 αὐτίκα
965 2663 1046 2723 τίς
1094 2660 1195 2712 οὐκ
1242 2659 1310 2712 ἂν
1358 2659 1571 2723 εὔξαιτο
1614 2659 1890 2728 στεφάνου

324 2765 376 2804 16
411 2760 513 2804 Her.
540 2760 604 2803 III
630 2765 728 2805 119.
762 2760 899 2816 Soph.
933 2761 1041 2805 Ant.
1068 2765 1151 2803 911
1172 2775 1238 2815 sq.

324 2854 377 2892 14
410 2849 470 2905 μὴ
504 2846 549 2892 δ’
585 2848 695 2892 libri
727 2849 817 2892 edd
942 2854 995 2892 15
1028 2865 1075 2893 τε
1108 2863 1183 2892 om
1208 2850 1300 2893 Ath
1425 2854 1476 2891 1ss
1511 2850 1694 2904 διώρισε
1719 2851 1764 2892 Β

205 2913 257 2950 17
302 2907 519 2962 τεθνήκει
544 2909 652 2952 Mos
797 2911 849 2950 19
895 2909 1049 2959 δοκεῖς
1088 2908 1253 2964 scripsi
1329 2911 1472 2965 δοκῇς
1509 2907 1618 2950 libri
1660 2907 1749 2950 edd

204 2971 258 3009 22
290 2965 450 3011 τοίνυν
483 2980 555 3010 om
589 2967 656 3010 Re
684 2968 690 3022 Ι
720 2965 764 3024 ὃ]
799 2967 853 3011 οὐ
879 2968 987 3010 Mos
1108 2972 1160 3010 27
1197 2965 1255 3010 ἂν
1288 2967 1398 3011 Fert
