2014 3158
987 605 1179 659 XLVI.

348 730 660 779 Declamatio
691 724 1136 794 inscripta'Excov
1168 748 1254 788 τις
1284 733 1539 795 γυναῖκα
1578 727 1675 778 καὶ
1708 725 1785 778 ὢν
1817 728 1928 777 ὑπὸ

237 801 412 870 πατρὶ
438 801 832 868 ἀπεδήμησεν.
865 801 1095 868 ἐγένετο
1122 802 1231 853 ὑπὸ
1257 806 1512 871 λῃσταῖς.
1543 802 1762 869 ἔγραψε
1786 803 1930 870 πρὸς

237 877 337 927 τὸν
367 875 587 941 πατέρα
625 881 890 942 λυθῆναι
928 876 1231 942 δεόμενος,
1273 875 1298 926 ὃ
1332 875 1391 926 δὲ
1431 876 1535 942 οὐχ
1573 875 1927 941 ὑπήκουσεν.

237 949 269 1016 ἡ
302 951 450 1018 γυνὴ
485 950 827 1016 ἀποδομένη
860 950 923 999 τὰ
950 949 1089 1000 όντα
1121 950 1266 1019 αὐτῇ
1299 950 1581 1000 ἔπλευσεν
1613 949 1706 1001 ἐπὶ
1729 955 1801 1020 τῷ
1827 952 1929 1000 λύ-

238 1031 475 1117 cac-&ocu
507 1026 764 1094 ναυαγία
796 1024 1091 1092 ἐχρήσατο.
1132 1025 1464 1091 ἐξεβράσθη
1503 1025 1586 1084 εἰς
1618 1024 1717 1074 τὸν
1749 1024 1930 1075 τόπον

237 1100 298 1149 ἐν
330 1090 368 1170 ᾡ
397 1119 469 1164 ην
502 1097 527 1149 ὃ
559 1097 722 1166 ἀνηρ.
764 1098 906 1148 ἰδὼν
946 1097 1174 1158 ἐκεῖνος
1211 1098 1272 1148 τὸ
1313 1107 1474 1163 σῶμα
1512 1098 1608 1148 καὶ
1648 1098 1930 1165 ἕπιγνους

237 1173 539 1238 ἐδάκρυσε.
571 1173 814 1240 γνόντες
846 1173 906 1223 οἱ
933 1172 1143 1242 λησταὶ
1181 1172 1287 1237 τὴν
1325 1173 1523 1222 αἰτίαν
1559 1172 1798 1238 ἀφῆκαν
1830 1171 1930 1222 αὖ·

236 1247 350 1297 τόν.
384 1246 731 1297 ἐπανελθὼν
763 1245 1154 1313 ἀναγκάζεται
1185 1245 1296 1296 ὑπὸ
1329 1254 1432 1297 τοῦ
1463 1246 1682 1312 πατρὸς
1719 1251 1930 1313 γαμεῖν

238 1321 333 1371 καὶ
366 1321 439 1386 μὴ
472 1320 839 1387 βουλόμενος
878 1319 1378 1387 ἀποκηρύσσεται,
1421 1338 1519 1384 qua
1555 1321 1686 1370 filius
1719 1337 1748 1369 a
1787 1324 1930 1384 patre

237 1397 510 1457 abdicatus,
542 1396 660 1458 quia
690 1396 980 1444 memoriam
1010 1398 1177 1445 uxoris
1204 1398 1311 1444 vita
1341 1397 1648 1457 pecuniaque
1681 1396 1744 1444 ad
1767 1395 1931 1457 ipsum

235 1473 289 1519 in
306 1471 590 1519 libertatem
605 1470 955 1519 vindicandum
971 1470 1302 1532 impendenda
1317 1471 1580 1533 naufragio
1604 1472 1831 1532 privatae
1851 1471 1930 1532 pie

237 1545 401 1594 colens
434 1546 648 1592 alterum
680 1546 966 1607 coniugium
989 1545 1354 1606 repudiaverat,
1387 1560 1417 1591 a
1440 1544 1686 1593 iudicibus
1717 1544 1846 1606 petit
1869 1560 1930 1591 ne

237 1619 600 1667 abdicationem
624 1621 786 1667 ratam
811 1619 999 1667 faciant
1010 1613 1069 1684 ¹),
1099 1618 1360 1666 facundiae
1383 1617 1689 1666 Libanianae
1721 1617 1932 1666 admira-

235 1693 427 1742 toribus
475 1693 620 1741 valde
668 1695 870 1755 accepta
916 1692 1025 1741 fuit.
1087 1692 1263 1755 Itaque
1309 1709 1409 1740 non
1450 1688 1705 1754 ‘corporis'
1748 1691 1929 1740 finibus

237 1767 450 1816 coercita
481 1768 687 1828 mansit,
729 1767 814 1815 sed
853 1768 1005 1815 etiam
1043 1768 1096 1814 in
1135 1766 1300 1829 plures
1331 1766 1536 1814 transiit
1567 1767 1777 1830 eclogas,
1811 1782 1929 1828 qua-

235 1858 346 1888 rum
378 1857 476 1888 una
509 1843 555 1889 ei
584 1841 799 1903 primum
832 1841 995 1888 locum
1034 1840 1192 1901 dedit,
1237 1856 1546 1904 magnusque
1586 1843 1660 1888 est
1698 1855 1930 1888 numerus

238 1915 461 1963 codicum
479 1915 656 1977 quibus
681 1915 744 1962 ad
767 1916 894 1963 hanc
919 1917 1134 1962 aetatem
1158 1915 1397 1976 pervenit.
1432 1914 1560 1962 Sunt
1577 1916 1744 1962 autem
1766 1914 1819 1961 hi
1838 1915 1930 1962 37:

347 1988 555 2037 Initium
585 1989 713 2036 facio
747 2005 776 2036 a
809 1984 1195 2050 ‘corporalibus'.

351 2065 397 2110 1.
436 2062 1031 2124 Hierosolymitanus
1089 2062 1421 2110 bibliothecae
1476 2061 1826 2123 patriarchalis
1881 2060 1928 2109 S.

238 2135 462 2198 Sepulcri
497 2138 598 2184 107
627 2129 721 2202 (=
747 2130 819 2202 H)
852 2151 976 2184 saec.
1001 2136 1119 2183 XIV
1151 2137 1234 2184 fol.
1263 2137 1346 2184 66.
1393 2135 1520 2183 Vide
1544 2138 1580 2184 t.
1606 2135 1652 2181 V
1675 2153 1721 2198 p.
1742 2136 1929 2197 150sq.

239 2209 454 2259 Contuli.

352 2286 396 2331 2.
429 2283 753 2332 Vaticanus
795 2300 864 2347 gr.
900 2285 1006 2332 940
1049 2278 1144 2350 (=
1169 2279 1238 2349 V)
1280 2299 1402 2332 saec.
1429 2278 1694 2348 XIIIJXIV
1733 2283 1817 2331 fol.
1845 2284 1930 2335 54.

239 2356 495 2406 Gorrectus
529 2360 603 2406 est
633 2373 787 2404 manu
818 2357 1044 2406 secunda.
1094 2357 1221 2406 Vide
1252 2360 1287 2405 t.
1313 2358 1359 2404 V
1389 2375 1437 2419 p.
1470 2359 1574 2405 152
1594 2372 1664 2418 sq.
1715 2355 1928 2404 Contuli.

350 2433 396 2479 3.
429 2430 866 2480 Laurentianus
898 2431 1039 2478 LVII
1064 2434 1131 2480 27
1166 2447 1294 2479 anno
1326 2433 1464 2480 1392
1501 2432 1732 2479 exaratus
1764 2431 1849 2478 fol.
1881 2431 1927 2478 3.

237 2504 295 2552 In
333 2505 454 2553 folio
490 2506 592 2553 226
635 2506 796 2552 exstat
836 2505 1093 2567 dispositio
1141 2505 1515 2553 declamationis
1561 2520 1779 2567 congrua
1818 2520 1930 2552 cum

241 2578 495 2639 Ghisiano‚
537 2578 595 2626 de
628 2594 726 2640 qua
757 2579 869 2626 vide
903 2595 1031 2640 quae
1062 2580 1195 2627 infra
1227 2572 1297 2645 (p.
1328 2572 1457 2645 548)
1493 2594 1747 2640 exponam.
1804 2577 1928 2624 Vide

237 2654 273 2699 t.
297 2652 324 2700 I
353 2669 400 2715 p.
429 2654 495 2701 59
515 2667 584 2714 sq.

350 2726 424 2773 Ex
456 2727 547 2774 hoc
580 2726 853 2787 descriptus
886 2728 960 2774 est

361 2882 402 2936 1)
437 2879 527 2982 (5]ξό
538 2880 655 2924 decl.
681 2879 866 2924 XLVIH
899 2882 946 2924 et
975 2880 1659 2935 Meier-Schoemann-Lipsius‚
1691 2879 1788 2923 Att.
1820 2879 1933 2922 Pro-

241 2952 339 2983 cess
371 2954 415 2995 p.
533 2973 543 2983 .
