2044 3168
207 127 288 171 AD
321 125 820 171 ANTEOEDENTEM
851 125 1380 171 DECLAMATIONEM
1410 123 1741 170 ANTILOGIA
1799 123 1901 176 151

208 263 390 332 βάζων
428 263 493 315 τὰ
533 262 711 315 πάντα
750 260 839 314 καὶ
879 262 1371 337 κεφαλαιούμενος·
1419 259 1556 314 ἐπὰν
1604 258 1665 314 δὲ
1710 259 1801 314 καὶ
1840 261 1902 313 τὸ

207 352 480 405 τάλαντον
512 353 590 414 εἰς
613 350 783 420 μέσον
813 348 955 419 ἦλθε
984 349 1076 403 καὶ
1111 350 1303 418 ἠξίουν
1333 349 1424 403 καὶ
1456 358 1620 403 τοῦτο
1645 354 1905 419 προσθεῖ-

207 461 300 494 ναι
353 447 429 512 τῷ
485 440 723 512 ἀριθμῷ,
785 439 1033 493 ἐνταῦθά
1085 459 1178 506 μοι
1240 440 1330 492 καὶ
1384 440 1446 492 τὸ
1507 441 1904 509 σχετλιώτατον

208 530 391 598 δρᾶμα
429 539 540 582 τῶν
579 527 696 582 κατ’
742 527 850 597 ἐμέ,
889 530 1013 581 τότε
1053 529 1120 597 δὴ
1160 531 1280 581 τότε
1314 527 1497 581 οὐκέτι
1536 529 1804 591 καθεκτὸς
1833 525 1905 597 ἦν

209 617 328 672 οὐδ’
383 614 528 688 εἶχεν
574 619 648 680 ὡς
691 616 783 670 καὶ
828 625 1063 687 προτοῦ,
1118 619 1211 670 καί
1253 637 1347 685 μοι
1394 618 1532 686 πρὸς
1578 623 1718 670 θεοῦ
1765 615 1902 670 ἔστω
1950 636 1970 668 5

206 716 302 777 τῆς
340 707 607 769 ἀπονοίας
645 707 961 775 συγγνώμη,
1001 702 1118 759 ἀλλ’
1166 706 1481 775 ἐταράττετο
1521 704 1612 758 καὶ
1653 707 1816 769 ἄλλος
1848 704 1902 769 ἐξ
1960 779 1964 781 .

208 790 379 849 ἄλλου
421 795 597 849 ἐδόκει
637 795 782 849 οὕτω
815 794 1018 864 ταχέως
1048 802 1148 849 τοῦ
1180 800 1531 857 καθεστῶτος
1565 797 1903 864 μεταβαλών,

208 886 281 948 ὡς
332 886 435 938 οὐκ
488 886 558 938 ἄν
610 902 741 938 ποτε
796 885 1014 955 ῥᾳδίως
1053 881 1185 937 οὐδὲ
1238 885 1299 937 τὸ
1355 885 1740 955 σφοδρότατον
1793 894 1904 937 τῶν

206 974 535 1042 πνευμάτων
561 974 662 1042 τὴν
685 973 978 1027 θάλασσαν
1012 972 1319 1042 ἐξεκύμηνε.
1359 973 1446 1025 21.
1470 971 1561 1026 καὶ
1593 973 1685 1026 ἵνα
1716 974 1905 1041 παρεὶς

206 1064 272 1116 τὰ
320 1061 381 1115 ἐν
426 1062 571 1134 μέσῳ
621 1063 725 1116 ὅσα
763 1061 807 1115 τ’
855 1064 1089 1130 ἔδρασεν
1128 1063 1230 1116 ὅσα
1267 1060 1312 1115 τ’
1360 1059 1507 1125 ἔλεξε
1546 1068 1620 1134 τῷ
1665 1062 1737 1131 μὴ
1778 1063 1905 1129 βού-
1930 1084 1973 1116 ιο

208 1157 407 1205 λεσθαι
445 1154 546 1221 τὴν
583 1153 739 1221 ἡμῶν
778 1153 962 1205 αὐτῶν
1002 1153 1357 1220 δημοσιεύειν
1397 1152 1668 1220 αἰσχύνην
1715 1150 1802 1204 ἐπὶ
1842 1152 1902 1204 τὸ

206 1240 375 1310 πέρας
405 1238 555 1294 ἔλθω
595 1250 708 1294 τῶν
754 1240 1053 1312 ἡμετέρων,
1105 1239 1259 1304 τέλος
1307 1240 1675 1310 ἀπόστειχε,
1715 1242 1905 1310 φησίν,

208 1327 249 1383 ὦ
294 1329 503 1398 ’γαθέ,
551 1338 660 1399 τῆς
715 1332 928 1393 οἰκίας
982 1337 1091 1398 τῆς
1146 1328 1430 1399 ἐμαυτοῦ
1486 1328 1591 1383 καὶ
1645 1333 1906 1383 πολλῶν

208 1419 426 1472 οὐσῶν
465 1419 536 1482 ἃς
576 1421 652 1472 ἄν
691 1440 788 1483 τις
834 1420 1242 1489 πορεύεσθαι
1290 1418 1507 1472 ε’λοιτο
1555 1419 1661 1472 καὶ
1713 1419 1907 1482 αὐτὸς

206 1507 284 1575 ἣν
331 1506 408 1560 ἂν
456 1507 691 1578 ἐθέλῃς
737 1510 1050 1578 πορεύου,
1107 1509 1188 1570 ὡς
1234 1508 1312 1560 ἂν
1358 1508 1736 1579 μεταμάθῃς
1788 1521 1905 1560 σω·
1931 1529 1972 1563 15

207 1595 661 1667 φρονέστερον
707 1599 1021 1667 εὔχεσθαι
1068 1596 1174 1650 καὶ
1221 1598 1300 1666 μὴ
1357 1597 1614 1666 σφόδρα
1670 1600 1907 1664 ζηλοῦν

205 1690 557 1739 καλεῖσθαι
605 1687 977 1756 φιλότιμος,
1028 1695 1177 1748 παῖς
1225 1683 1293 1739 δὲ
1340 1687 1541 1739 ἄλλου
1589 1686 1704 1753 μὲν
1752 1686 1907 1748 ἴσως

206 1777 483 1844 κεκλήσῃ
524 1773 556 1843 ἢ
598 1774 1004 1843 ἀγνοοῦντος
1043 1777 1159 1844 τὴν
1199 1776 1319 1844 σὴν
1359 1777 1574 1844 λώβην
1614 1775 1646 1844 ἢ
1687 1785 1905 1845 σαφῶς

207 1862 639 1933 μαινομένου,
672 1863 822 1931 ἐμὸς
855 1861 920 1917 δὲ
955 1865 1202 1918 οὔκουν
1242 1863 1380 1917 οὐδ’
1417 1863 1486 1918 ἐν
1523 1863 1905 1935 προσφθέγ-

206 1971 371 2020 ματι.
437 1952 523 2004 22.
563 1950 714 2005 ταῦτ’
760 1949 877 2005 εἷπε
916 1951 1008 2006 καὶ
1046 1951 1197 2006 ταῦτ’
1247 1951 1445 2021 ἔδρασε
1486 1953 1730 2022 διασχὼν
1770 1952 1902 2006 οὐδὲ
1925 1974 1970 2007 20

207 2042 268 2093 τὸ
321 2041 690 2110 βραχύτατον,
746 2040 863 2094 ἀλλ’
925 2042 998 2104 ὡς
1051 2041 1276 2111 τάχιστα
1311 2041 1317 2113 Ι
1352 2051 1468 2105 τοῖς
1522 2042 1725 2111 ῥήμασι
1816 2062 1861 2103 p.
1888 2051 1996 2104 Spr

207 2137 306 2182 τοῦ
347 2134 538 2198 θυμοῦ
577 2130 667 2182 καὶ
706 2131 808 2198 τὴν
838 2130 1040 2200 πρᾶξιν
1071 2130 1396 2199 ἐπενεγκών.
1436 2132 1581 2200 ὅμως
1614 2128 1675 2183 δὲ
1705 2133 1904 2199 βουλό-

207 2238 371 2285 μενος
417 2219 489 2287 μὴ
537 2219 700 2271 ἄδικα
746 2227 923 2272 ποιῶν
970 2218 1203 2273 ἀκοῦσαι
1250 2219 1392 2288 μηδέ
1433 2218 1538 2273 τιν’
1584 2219 1732 2291 αὐτῷ
1772 2220 1906 2287 μετὰ

206 2315 377 2360 ταῦτα
430 2307 735 2378 προφέρειν
788 2308 848 2360 τὸ
897 2307 1256 2371 αὐτεξούσιον
1303 2305 1398 2362 ὧδ’
1453 2308 1794 2376 ἀναβιβάσας
1839 2327 1905 2377 με

206 2398 479 2465 πρότερον
532 2399 675 2448 αι’τεϊ
724 2395 814 2448 καὶ
868 2397 1010 2464 ὑμᾶς
1065 2396 1349 2460 ἐπαινέτας
1402 2417 1459 2450 τε
1514 2405 1759 2466 φανῆναι
1810 2405 1906 2465 τῆς
1929 2417 1973 2451 25

207 2485 427 2553 γνώμης
473 2485 565 2537 καὶ
613 2486 1121 2553 συγκατασκευάσαι
1169 2487 1271 2554 τὴν
1309 2485 1661 2556 ἀποκήρυξιν.
1719 2486 1803 2539 ὅτι
1843 2483 1904 2539 δὲ

206 2581 376 2626 ταῦτα
415 2574 562 2642 παρὰ
601 2575 700 2642 τὴν
740 2582 838 2627 τοῦ
879 2575 1098 2627 δικαίου
1139 2575 1315 2644 φύσιν
1362 2576 1452 2628 καὶ
1498 2571 1616 2628 οὐδ’
1663 2572 1774 2643 ἔχει
1815 2576 1904 2626 λό-

329 2767 353 2806 9
386 2763 634 2831 ἐξεκύμῃνε
658 2764 702 2807 L
779 2762 1056 2819 ἐξεκύμηνεν
1077 2778 1137 2819 pr
1274 2768 1329 2808 10
1363 2763 1483 2821 ἔλεγε
1507 2779 1572 2821 pr
1702 2769 1754 2806 12
1788 2761 1904 2807 ἀπό-

208 2835 353 2879 στειχε
394 2822 560 2878 scripsi
636 2820 853 2895 ἀπόστιχε
878 2822 1002 2878 LVp
1005 2837 1028 2866 r
1184 2827 1238 2866 14
1278 2822 1402 2867 ὁδῶν
1444 2823 1548 2867 coni
1581 2823 1725 2866 Kurtz
1765 2826 1813 2865 at
1846 2822 1902 2865 cf.

209 2885 477 2996 {136'02}
519 2886 632 2983 V19
667 2879 764 2925 οὔτ’
793 2895 856 2937 pr
905 2884 911 2937 Ι
960 2880 1352 2938 προσφθέγμασιν
1369 2897 1435 2939 pr
1555 2887 1612 2925 24
1644 2889 1904 2937 μεταταῦτα

364 2935 398 2983 ὦ
1702 2976 1705 2979 .
