2044 3168
965 660 1239 716 XXXVII.

256 783 590 844 Πλούσιος
645 779 1036 852 ἀριστεύσας
1082 779 1319 850 ᾔτησεν
1375 786 1468 844 εἰς
1521 782 1638 850 τὴν
1692 782 1947 851 δωρεὰν

251 873 402 933 τοὺς
457 871 756 939 φυγάδας
818 869 1227 924 ἐπανελθεῖν.
1291 866 1489 933 αὖθις
1550 870 1946 941 ἀριστεύσας

251 957 443 1029 ᾔτησε
483 962 636 1022 τοὺς
675 959 948 1029 ἀτίμους
989 959 1296 1028 ἐντίμους
1335 958 1667 1028 γενέσθαι.
1718 961 1946 1030 τρίτον

251 1048 641 1119 ἀριστεύσας
694 1049 798 1102 καὶ
856 1049 1202 1118 δεσμωτῶν
1256 1049 1696 1118 αἰτησάμενος
1751 1049 1945 1102 λύσιν

207 1138 652 1207 5τυραννίδος
708 1136 1064 1200 ἐπιθέσεως
1118 1137 1240 1191 ὑπὸ
1296 1138 1573 1209 ῥήτορος
1634 1141 1944 1208 κρίνεται.

628 1276 1024 1340 Μελετῶμεν
1064 1273 1177 1324 τὸν
1217 1272 1564 1342 φεύγοντα.

158 1395 381 1440 R1V540
544 1391 589 1443 1.
622 1388 678 1443 Ο
710 1391 811 1459 μὲν
843 1390 1089 1460 εὐσεβής,
1122 1387 1162 1444 ὦ
1197 1392 1465 1459 δικασταί,
1497 1389 1588 1444 καὶ
1622 1391 1944 1459 φιλάνθρω-

246 1498 347 1542 πος
388 1480 558 1549 δῆμος
598 1478 881 1550 ἀμφότερά
917 1500 1025 1549 μου
1058 1480 1326 1547 θαυμάζει
1365 1479 1457 1532 καὶ
1497 1480 1724 1542 δικαίως
1753 1480 1855 1548 τήν
1885 1497 1944 1531 τε

369 1640 428 1686 Or
461 1663 515 1678 =
543 1640 697 1684 Codex
730 1639 1065 1696 palimpsestus
1098 1640 1555 1698 Hierosolymiizanus
1589 1640 1633 1684 S.
1665 1639 1823 1684 Crucis
1849 1643 1903 1682 57

365 1701 425 1744 H
464 1723 519 1737 =
545 1700 1000 1756 Hierosolymitanus
1035 1700 1078 1744 S.
1107 1699 1319 1756 Sepulori
1346 1705 1428 1744 107

375 1761 432 1804 Vi
461 1782 517 1796 =
543 1759 918 1804 Vindobonensis
950 1759 1120 1816 philos.
1157 1762 1203 1804 et
1234 1759 1397 1817 philol.
1425 1759 1488 1803 IV
1512 1764 1567 1804 82

367 1820 413 1862 A
464 1842 518 1856 =
544 1819 880 1863 Ambrosianus
912 1819 950 1862 B
978 1823 1060 1862 101

367 1878 419 1922 Ol
459 1900 515 1915 =
540 1878 853 1923 Berolinensis
886 1893 952 1935 gr.
982 1882 1081 1931 195,
1115 1879 1227 1923 olim
1263 1877 1652 1923 Claromontanus

364 1939 410 1982 B
461 1961 516 1975 =
543 1938 829 1982 Barberinus
862 1938 904 1981 Π
932 1942 987 1982 41
1025 1938 1196 1995 (Vatia.
1230 1938 1365 1982 Barb.
1393 1940 1496 1995 220)

373 1998 441 2042 Va
464 2020 519 2034 =
545 1997 804 2041 Vaticanus
837 2012 904 2055 gr.
931 2001 986 2041 82

363 2057 424 2100 M
464 2078 519 2094 =
545 2057 810 2101 Marcianus
843 2072 909 2114 gr.
935 2061 1022 2100 439

364 2209 388 2248 6
423 2202 677 2262 στοχασμός
703 2205 763 2248 Μ
791 2207 839 2248 et
870 2223 925 2263 γρ
956 2205 1006 2248 in
1037 2219 1171 2262 marg
1201 2205 1307 2250 Mor

364 2358 386 2397 1
414 2350 712 2408 Προθεωρία.
742 2354 852 2397 ante
869 2353 1099 2404 Πλούσιος
1118 2354 1208 2397 edd
1271 2351 1421 2396 delevi
1544 2357 1568 2395 2
1593 2353 1720 2426 τους]
1740 2353 1939 2397 αὐτοῦΑ

363 2416 387 2454 6
413 2415 688 2469 Μελετῶμεν
712 2413 794 2456 τὸν
822 2412 1060 2470 φεύγοντα
1078 2427 1154 2456 om
1177 2414 1280 2459 ViB
1293 2413 1362 2456 Va
1379 2411 1488 2455 Fen:
1543 2410 1707 2485 Λόγος
1716 2409 1939 2456 πλουσίου

243 2471 500 2544 φεύγοντος
529 2474 637 2528 post
668 2472 918 2528 φεύγοντα.
945 2472 1048 2523 Mor
1082 2472 1151 2516 Re
1221 2471 1373 2515 delevi
1505 2474 1528 2513 7
1562 2483 1672 2514 voce
1697 2468 1748 2515 Ο
1778 2470 1854 2514 ino
1881 2469 1940 2514 Or

241 2530 319 2575 fol.
349 2535 428 2574 777
484 2528 535 2575 Ο
559 2557 613 2563 -
640 2535 814 2586 241,15
842 2534 1083 2586 δυσμενεῖς
1114 2530 1387 2587 praemissis
1419 2529 1572 2573 verbis
1605 2529 1720 2573 ἀλλὰ
1751 2530 1830 2573 καὶ
1862 2528 1939 2572 ἐπὶ

239 2591 378 2634 τοῦδε
416 2596 499 2634 τοῦ
539 2589 814 2647 ζητήματος”
855 2590 1074 2641 πλούσιος
1115 2589 1390 2645 ἀριστεύσας
1429 2586 1566 2647 ᾔτησε
1608 2589 1717 2640 τοὺς
1747 2587 1940 2644 ἀτίμους

242 2647 454 2704 ἐντίμους
484 2647 721 2722 γενέσθαι,
754 2647 910 2703 τρίτον
943 2649 1218 2703 ἀριστεύσας
1248 2649 1329 2693 καὶ
1361 2649 1603 2704 δεσμωτῶν
1633 2646 1939 2704 αἰτησάμενος

239 2708 368 2752 λύσιν
399 2706 681 2763 τυραννίδος
711 2706 965 2759 ἐπιθέσεως
1004 2708 1095 2753 υπὸ
1137 2706 1331 2766 ῥήτορος
1370 2706 1579 2761 κρίνεται
1614 2707 1694 2750 καὶ
1726 2706 1802 2750 ἐπὶ
1831 2705 1938 2750 τού-

239 2783 322 2810 του
355 2774 470 2824 γοῦν
499 2774 582 2811 τοῦ
615 2767 869 2824 ζητήματος
898 2767 980 2812 τὸν
1007 2767 1242 2823 φεύγοντα
1267 2769 1462 2823 μελετῶν
1486 2764 1835 2822 προοιμιάζεται
1859 2781 1937 2809 ου-

238 2843 327 2877 τως
370 2826 486 2870 citat
523 2826 719 2871 Ioannes
758 2826 1021 2883 Doxapabri
1063 2825 1114 2869 in
1158 2825 1486 2870 commentario
1531 2825 1592 2868 ad
1632 2823 1937 2881 Hermogenis

240 2885 345 2940 περὶ
371 2884 594 2939 εὑρέσεων
618 2884 791 2930 librum
816 2886 916 2929 cod.
935 2885 1042 2928 Vat.
1069 2900 1136 2942 gr
1155 2890 1270 2928 2228
1294 2884 1362 2929 fol
1390 2889 1523 2938 2047.·,
1553 2884 1741 2928 Bal-occ
1763 2898 1832 2941 gr.
1852 2886 1936 2928 175

251 2943 332 2989 fol.
351 2948 431 2988 207
458 2946 465 3002 Ι
492 2940 527 2989 ὦ
560 2943 795 3004 δικασταί]
825 2941 903 2989 ὅδε
930 2944 1050 2989 CrH
1162 2949 1188 2988 8
1220 2945 1299 2988 καὶ
1323 2958 1398 2987 om
1425 2943 1603 2988 OrHVi
