2020 3146
198 92 268 152 72
617 95 844 144 mmm
873 97 1266 143 οΕοιΑΜΑΤιο
1297 97 1467 143 xxxn

196 235 546 303 ἀσπάζονται,
585 230 895 304 ἀσπάσομαι
936 233 1122 288 οἴκαδε
1160 234 1432 288 εἰσελθὼν
1472 235 1506 287 δέ
1543 254 1637 301 μοι
1674 231 1892 289 παίδων

194 320 266 392 ἦν
317 321 410 377 καὶ
464 323 727 392 γυναικὸς
776 324 1143 394 προτιμότερα
1203 323 1293 376 καὶ
1346 326 1610 392 θρηνήσω
1668 333 1902 393 πρῶτον·

195 412 298 481 μὲν
336 411 574 482 ἐμαυτὸν
612 411 762 466 ὅσων
799 410 891 465 καὶ
931 412 1066 466 οἴων
1113 411 1341 480 ἀγαθῶν
1390 413 1586 465 αὐτίκα
1633 415 1889 482 στερήσο-

195 521 318 570 μαι,
372 503 555 554 ἔπειτα
611 497 673 554 δὲ
726 500 953 554 κάκεῖνα
1007 495 1129 554 οἷον
1181 502 1458 570 κηδεμόνα
1509 501 1756 555 ἀπώλεσε
1798 500 1890 556 καὶ

152 612 170 645 5
198 589 283 643 ὅτι
328 590 580 658 καθάπερ
627 588 701 652 ὡς
745 588 971 658 ἀληθῶς
1024 589 1244 660 ὀρφανὰ
1297 592 1498 658 μικρὸν
1546 587 1782 659 ὕστερον
1836 592 1890 644 οὶ

195 680 454 748 τυχόντες
493 678 632 732 αὐτὰ
672 678 1093 749 διαρπάσουσιν.
1133 677 1220 731 54.
1253 677 1321 732 οὐ
1361 681 1464 748 γὰρ
1506 680 1575 749 δή
1613 699 1697 742 τις
1734 679 1902 750 ὑμῶν

197 766 340 820 οὕτω
388 768 817 836 φιλάνθρωπος,
872 761 915 820 ὦ
963 770 1162 836 βουλή,
1218 768 1292 830 ὡς
1346 767 1747 837 συγκατορύξαι
1797 788 1892 837 μοι

196 858 300 926 τὴν
337 857 535 910 οὐσίαν
574 856 663 909 καὶ
703 857 810 926 πρὸ
849 863 949 910 τοῦ
988 857 1234 925 χώματος
1272 858 1478 925 ταύτην
1525 857 1899 926 ἐπισωρεῦσαι·

196 952 274 1018 τῷ
313 946 535 1014 σώματι.
576 944 843 1014 ἐγενόμην
882 945 953 998 ἂν
991 937 1070 1007 εἷς
1107 955 1220 998 τῶν
1258 946 1549 1015 θησαυρὸν
1586 947 1907 1016 φυλαττόν-ῇ

132 1057 176 1090 ιο
198 1051 310 1087 των
347 1033 440 1088 καὶ
479 1034 597 1103 οὐχ,
638 1034 818 1103 ὥσπερ
860 1033 1087 1087 ἐκείνων
1126 1034 1271 1097 τινὲς
1308 1036 1453 1103 πλὴν
1483 1033 1618 1101 ἐμοῦ
1657 1042 1757 1088 τοῦ
1788 1034 1895 1088 κᾶν

198 1123 374 1196 τούτῳ
414 1123 724 1191 δυστυχοῦς
761 1126 989 1185 πολλοῖς
1020 1124 1123 1191 ἤδη
1156 1125 1488 1193 προήκαντο,
1530 1119 1646 1176 ἀλλ’
1686 1125 1895 1192 ἄβατον

199 1212 270 1265 ἂν
315 1213 376 1265 τὸ
423 1212 628 1282 χωρίον
682 1211 1005 1282 ἀνθρώποις
1058 1211 1288 1281 ἐποίησα
1340 1215 1639 1282 πόρρωθεν
1692 1217 1901 1283 εἴργων,

198 1302 271 1370 μὴ
325 1300 638 1371 προσιέναι,
679 1294 767 1353 οἷα
820 1299 911 1353 καὶ
974 1295 1111 1354 ἄλλα
1171 1302 1306 1354 κατὰ
1367 1303 1468 1370 τὴν
1529 1302 1717 1371 χώραν
1776 1300 1895 1355 ἐστὶ

199 1391 371 1459 τυχόν
409 1409 517 1442 που
557 1389 715 1443 κάκεῖ
751 1391 1112 1459 φιλοχρύσων
1155 1391 1437 1459 δαιμόνων
1476 1388 1896 1459 ἐπικαθημένων

135 1501 179 1534 ιι
201 1480 428 1551 χρυσίῳ,
460 1476 552 1532 καὶ
585 1479 758 1542 οὕτως
789 1479 861 1532 ἂν
892 1477 1202 1533 ἐπλούτουν
1234 1478 1499 1532 ἀθάνατα.
1532 1481 1584 1532 εἰ
1613 1478 1664 1532 δ’
1693 1479 1896 1548 ἀληθές

201 1567 351 1621 ἐστιν
399 1567 428 1620 ὅ
477 1580 650 1638 φασιν
697 1569 751 1621 οἱ
798 1566 965 1636 σοφοὶ
1013 1567 1104 1620 καὶ
1144 1563 1310 1630 αὖθίς
1358 1587 1418 1636 γε
1466 1570 1542 1631 εἰς
1589 1566 1894 1637 ἀνθρώπου

202 1666 357 1726 σῶμα
412 1656 707 1726 ἐρχόμεθα,
769 1655 990 1726 ἕτοιμον
1043 1655 1144 1721 ἕξω
1200 1659 1442 1710 πλοῦτον
1495 1657 1593 1710 τὸν
1655 1657 1895 1725 ἐμαυτοῦ

201 1744 388 1813 λαβὼν
425 1746 730 1815 θησαυρόν.

203 1970 228 2019 5
253 1911 348 2011 399
371 1921 448 2010 Rq.
481 1906 590 1951 Luc.
624 1906 741 1951 Tim.
775 1911 799 1960 5
826 1910 881 1950 42
901 1921 966 1964 sq.
1093 1911 1147 1950 14
1179 1906 1330 1950 Plaut.
1365 1905 1467 1949 Aul.
1497 1910 1521 1950 6
1541 1920 1606 1962 sq.
1639 1906 1749 1950 Luc.
1774 1905 1895 1952 Tim.

510 2088 559 2137 ζο

249 2161 251 2165 ’
325 2150 347 2186 1
382 2143 712 2200 ἀσπάσομαιΒ
774 2143 1038 2200 ἀσπάζομαι
1061 2143 1132 2188 Va
1253 2148 1279 2187 2
1310 2150 1494 2199 πρῶτον
1516 2142 1632 2187 VaB
1754 2147 1779 2186 3
1812 2141 1896 2200 μὲν

205 2217 278 2247 om
304 2203 350 2246 Β
471 2208 498 2246 4
529 2202 736 2260 ἡγεμόνα
767 2203 838 2247 Va
863 2204 870 2260 Ι
898 2203 1112 2248 ἀπώλεσα
1136 2204 1228 2247 Μα
1259 2203 1339 2247 sed
1372 2219 1403 2247 α
1433 2202 1483 2245 in
1514 2218 1574 2246 αν
1606 2215 1707 2246 con·
1737 2201 1820 2255 m’,
1843 2202 1905 2247 01.

265 2261 508 2306 ἀπώλεσαν
534 2264 580 2307 Β
629 2264 635 2317 Ι
685 2262 766 2306 καὶ
797 2261 921 2306 inser
944 2262 1015 2307 Β2
1082 2275 1158 2305 om
1183 2262 1330 2308 Maoz
1471 2266 1496 2305 5
1526 2261 1782 2316 ὡσαληθῶς
1805 2262 1851 2305 Β
1886 2260 1893 2320 Ι

134 2372 137 2376 ,
203 2334 317 2366 voce
343 2320 532 2377 ὀρφανὰ
553 2321 632 2364 ino
658 2321 718 2366 Cr
740 2320 808 2365 fol
831 2326 909 2364 52ν
1033 2325 1058 2364 6
1092 2321 1151 2378 δὴ
1178 2319 1249 2373 τίς
1271 2322 1380 2366 HGl
1500 2324 1523 2363 7
1558 2319 1898 2376 συγκατορύξαι

205 2381 252 2424 Β
283 2379 366 2424 sed
395 2380 445 2423 in
476 2380 550 2423 lac
578 2383 632 2424 10
655 2380 736 2424 litt
796 2380 1080 2437 συγκηρύξαι
1104 2379 1413 2426 CrHVMaOl
1439 2381 1445 2436 Ι
1472 2395 1551 2437 μοι
1582 2378 1747 2435 scripsi
1777 2392 1802 2422 ο
1827 2379 1898 2424 Va

206 2441 252 2485 Β
284 2438 366 2483 sed
397 2438 446 2481 in
477 2439 566 2483 hoc
598 2439 648 2482 in
679 2439 755 2483 lac
786 2444 812 2482 3
844 2439 925 2483 litt
985 2455 1073 2495 μου
1099 2439 1349 2485 HVMan
1376 2439 1445 2482 Re
1565 2442 1591 2481 8
1622 2437 1674 2482 τὸ
1705 2435 1897 2495 χρυσίον

213 2498 285 2543 Va
315 2499 363 2542 et
394 2512 535 2554 supra.
564 2498 648 2554 τὴν
681 2497 846 2543 οὐσίαν
869 2498 939 2543 Β*
966 2501 972 2555 Ι
999 2498 1201 2556 χύματος
1227 2498 1535 2544 CrHVMaGl
1561 2498 1568 2554 Ι
1594 2502 1730 2541 τοῦτο
1757 2498 1827 2542 Va
1849 2498 1899 2540 et

207 2571 349 2614 nupta.
385 2557 559 2613 ταύτην
584 2556 653 2600 B’
796 2562 822 2601 9
860 2561 1117 2614 θησαυρῶν
1143 2558 1197 2603 ΟΖ
1270 2557 1543 2614 θησαυροὺς
1575 2557 1643 2602 Va
1678 2556 1727 2599 eb
1756 2568 1900 2612 supra

206 2616 452 2672 θησαυρὸν
476 2615 546 2659 Β*
586 2618 593 2670 Ι
635 2615 783 2660 ἑαυτῶ
815 2615 972 2672 μέντοι
1002 2618 1111 2672 post
1142 2616 1470 2672 φυλαττόντων
1502 2617 1570 2660 Va
1601 2616 1650 2659 et
1678 2614 1805 2658 inser
1827 2613 1898 2659 B’

327 2679 383 2718 10
421 2682 504 2719 τοῦ
542 2674 716 2719 inserui
749 2688 774 2719 e
804 2675 937 2719 libris
978 2690 1082 2719 cum
1120 2675 1331 2719 Iacobsio
1365 2674 1506 2719 Schul
1581 2687 1656 2718 om
1687 2674 1756 2717 Re

209 2738 261 2779 11
307 2737 507 2791 δυστυχῆ
534 2734 587 2778 Ol
730 2739 783 2777 12
828 2734 973 2790 ἔργων
996 2736 1088 2779 Μα
1126 2734 1209 2779 sed
1244 2751 1266 2779 ε
1296 2735 1345 2778 in
1377 2751 1417 2780 ει
1457 2747 1557 2777 corr
1586 2731 1670 2787 m’,
1704 2732 1758 2777 ΟΖ

209 2797 264 2837 18
297 2792 449 2843 ἄλλοις
472 2794 563 2837 Μα
589 2793 596 2851 Ι
624 2793 747 2838 ἐστὶν
771 2793 828 2837 H
833 2793 1019 2838 VMaGl
1048 2793 1118 2837 Re
1240 2799 1295 2838 14
1330 2794 1476 2851 τυχών
1511 2793 1579 2837 Va
1702 2797 1758 2836 15
1789 2808 1898 2849 χρυ-

208 2849 322 2897 σίων
345 2851 493 2898 ΜαΟΖ
518 2854 526 2905 Ι
553 2851 614 2902 ὡς
638 2853 729 2896 Μα
859 2856 913 2896 16
945 2867 996 2908 γε
1027 2865 1104 2896 om
1137 2853 1206 2896 Va
1338 2857 1391 2896 17
1425 2851 1509 2905 ἔξω
1540 2850 1608 2894 Re
1732 2854 1786 2894 18
1818 2853 1896 2894 λα·

209 2910 304 2970 βῶν
327 2912 419 2955 Μα
450 2909 531 2954 sed
563 2928 598 2955 ω
630 2911 680 2954 in
711 2927 736 2954 ο
769 2923 871 2955 corr
900 2909 971 2954 m'
1029 2910 1176 2956 λαυὸν
1201 2911 1253 2956 01
