2014 3158
541 120 826 165 DAMNATI
855 120 1041 164 EXILII
1070 118 1308 164 ΡΕΤΙΤΙΟ
1667 117 1774 171 537

81 257 305 311 πάντων
344 257 397 310 oz
437 257 745 322 δικάζοντες
782 257 923 326 πρὸς
959 255 1139 308 πάντα
1176 255 1278 324 μὲν
1317 255 1399 308 ἀεὶ
1438 256 1504 308 τὰ
1536 255 1775 324 δυσχερῆ
1839 309 1864 328 .

83 349 494 415 χαλεπαίνουσι,
532 345 702 399 πλέον
743 342 803 398 δὲ
835 344 868 398 ἃ
905 345 1120 412 πονηρά
1158 363 1242 407 τις
1281 346 1453 407 ὄντως
1490 343 1775 412 ὑπείληφε.

83 436 177 487 διὰ
221 442 386 488 τοῦτο
433 435 629 488 πολλοὶ
675 431 777 502 μὲν
823 433 1212 503 ἀνδροφόνους
1261 430 1477 486 ἔσωσαν
1525 430 1604 485 ἐπ’
1659 432 1776 485 ἀδί-

82 543 200 587 κοις
260 525 459 593 φόνοις
512 524 800 592 ἡδόμενοι,
859 521 1057 576 πολλοὶ
1116 522 1176 575 δὲ
1230 522 1320 575 καὶ
1374 523 1510 575 κατὰ
1563 523 1777 575 τούτων

83 612 465 682 ἀπάνθρωπον
510 621 702 682 ψῆφον
756 611 1054 681 ἐξήνεγκαν
1107 611 1289 678 φόνου
1343 618 1636 678 μισοῦντες
1684 609 1776 664 καὶ
1823 634 1843 667 5

82 702 385 770 πρόσρημα.
450 702 610 754 ἄλλοι
663 701 763 754 τὸν
814 698 1148 767 πλεονέκτην
1203 699 1425 768 ἀφῆκαν
1483 700 1554 762 ὡς
1608 700 1778 753 οὐδὲν

85 790 422 859 ἀδικήσαντα
467 797 532 860 τῇ
583 796 677 858 τῆς
721 787 1037 852 πλεονεξίας
1083 788 1257 858 ἡδονῇ
1296 788 1388 841 καὶ
1427 786 1585 841 αὐτοὶ
1624 808 1778 842 κατε-

84 881 320 948 χόμενοι.
358 878 463 932 κᾶν
505 879 604 932 τὸν
643 879 914 949 ὑβριστὴν
955 878 1076 948 ἴδῃς
1107 878 1241 947 μετὰ
1280 879 1382 946 τὴν
1422 875 1584 946 δίκην
1623 877 1778 931 ἀνεύ-

83 973 285 1036 θυνον,
325 970 557 1037 νόμισον
595 967 755 1036 ὕβρει
797 969 1009 1037 χαίρειν
1052 969 1182 1030 τοὺς
1222 966 1553 1032 δικάζοντας.
1600 967 1778 1020 καίτοι

84 1076 146 1124 γε
183 1055 378 1110 πολλοὶ
417 1066 600 1126 μισεῖν
639 1056 814 1120 οὕτως
853 1056 1020 1126 ὕβριν
1068 1055 1374 1124 ἐγνώκασιν
1421 1056 1494 1118 ὡς
1540 1054 1630 1109 καὶ
1681 1057 1779 1109 τὸν
1803 1080 1846 1112 10

83 1147 280 1215 μικρόν
302 1166 356 1199 τι
380 1146 852 1215 λοιδορησάμενον
875 1146 1011 1215 πυρὶ
1042 1147 1394 1214 παραδοῦναι
1423 1143 1515 1198 καὶ
1547 1144 1777 1215 μάστιξι.

87 1234 170 1287 16.
210 1235 491 1288 τοσούτων
530 1236 727 1287 τοίνυν
765 1235 944 1287 ὄντων
984 1227 1068 1297 οἷς
1106 1235 1336 1302 ἥδονται
1385 1235 1478 1288 καὶ
1515 1242 1779 1304 μισοῦσιν

85 1324 376 1392 ἄνθρωποι
422 1327 601 1386 καλῶς
647 1322 675 1376 ὁ
722 1324 819 1376 τὸν
874 1325 1049 1392 νόμον
1101 1322 1279 1385 τιθεὶς
1332 1321 1630 1393 προσέταξε
1683 1324 1780 1386 τὰς

85 1413 309 1474 πλείους
347 1413 572 1481 ψήφους
602 1421 840 1479 κρατεῖν.
879 1410 1002 1482 ᾔδει
1033 1413 1138 1481 γὰρ
1170 1412 1433 1475 πολλάκις
1463 1423 1778 1483 περιπεσεῖν

83 1503 214 1563 τοὺς
269 1501 588 1566 δικάζοντας
642 1500 927 1571 ἀνομοίοις
981 1510 1095 1564 τοῖς
1158 1502 1393 1569 δόγμασι
1454 1500 1545 1554 καὶ
1608 1503 1778 1555 ἄλλον
1803 1524 1845 1557 15

86 1591 217 1643 ἄλλο
257 1610 311 1643 τι
348 1589 518 1643 πλέον
556 1590 692 1642 κατὰ
730 1600 844 1644 τῶν
882 1589 1253 1659 δικαζομένων
1283 1593 1642 1660 ψηφίζεσθαι,
1681 1591 1779 1644 τὸν

84 1677 201 1746 μέν,
241 1678 309 1732 ἂν
350 1678 493 1732 οὕτω
534 1679 689 1749 τύχῃ,
730 1680 1015 1748 δήμευσιν,
1053 1680 1153 1732 τὸν
1185 1678 1247 1732 δὲ
1279 1679 1579 1749 ἀειφυγίαν
1608 1679 1642 1748 ἢ
1675 1679 1779 1732 θά-

11 1819 14 1821 A
85 1788 280 1837 νατον,
320 1770 491 1822 ἄλλον
539 1768 760 1837 ἀτιμίαν
799 1767 832 1837 ἢ
871 1770 1078 1838 βρόχον
1115 1767 1149 1837 ἢ
1188 1769 1280 1822 καὶ
1318 1768 1476 1838 μέχρι
1522 1768 1780 1838 ῥημάτων

87 1857 272 1910 αὐτῶν
324 1859 425 1926 τὴν
480 1859 670 1927 ζημίαν
726 1857 979 1927 ὁρίζοντα
1017 1865 1083 1929 τᾷ
1131 1859 1573 1930 κατεγνωσμένω.
1621 1858 1780 1920 εἰδὼς

86 1948 282 1999 τοίνυν
320 1954 483 2000 τοῦτο
522 1947 784 2009 πολλάκις
823 1947 1245 2015 συμβησόμενον
1291 1946 1467 2009 οὕτως
1516 1946 1780 2016 ε’νομοθέ-
1804 1969 1847 2000 20

87 2049 275 2103 τησεν,
330 2036 423 2088 ἵνα
472 2037 603 2099 τοὺς
649 2036 909 2098 δικαστὰς
955 2045 1074 2098 ταῖς
1127 2037 1371 2104 γνώμαις
1416 2038 1782 2106 μετρήσαντες

207 2201 232 2239 3
266 2197 396 2241 Dem.
429 2195 649 2240 Aristocr.
682 2211 727 2253 p.
755 2200 855 2251 629,
873 2201 929 2240 28
947 2211 1013 2253 sq.
1151 2201 1177 2241 5
1210 2212 1306 2254 arg.
1339 2197 1481 2241 Arist.
1513 2210 1637 2253 vesp.
1671 2196 1777 2240 Luc.

88 2254 273 2300 Gharid.
300 2260 370 2300 10.
403 2255 460 2299 cf.
492 2270 535 2312 p.
567 2259 739 2310 535‚1'1

210 2409 235 2447 2
269 2401 414 2454 οὕτως
438 2404 538 2448 CIR
660 2409 685 2447 3
719 2404 937 2448 διατοῦτο
964 2403 1064 2448 CzB
1092 2407 1098 2461 Ι
1124 2411 1291 2449 τοῦτον
1315 2406 1405 2449 Μα
1525 2410 1552 2448 4
1583 2404 1776 2462 τούτων]

88 2470 181 2507 τῶν
213 2461 410 2507 δικαίων
443 2465 521 2519 (sc.
555 2460 734 2518 φόνων)
768 2463 873 2506 coni
904 2463 972 2507 Re
1046 2462 1432 2519 τυραννοκτόνων
1469 2463 1631 2507 Iacobs
1668 2463 1781 2507 Lech

91 2527 175 2566 125
236 2520 602 2578 τυραννοφόνων
633 2521 935 2577 praetulerim
959 2522 1040 2566 sed
1064 2522 1121 2566 cs.
1147 2539 1190 2580 p.
1210 2527 1310 2575 539,
1331 2527 1370 2567 7.
1401 2523 1531 2566 Dem.
1558 2522 1777 2566 Arist-oar.

91 2585 191 2635 629,
210 2586 265 2624 28
283 2595 349 2636 sq.
473 2585 499 2624 5
531 2579 783 2636 ἐξήνεγκαν
816 2581 981 2637 scripsi
1013 2594 1067 2625 ex
1090 2582 1380 2627 AthMaolB
1442 2580 1714 2637 εἰσήνεγκαν
1737 2583 1784 2625 Ρ

549 2656 604 2696 γρ
636 2641 907 2696 σκαιώρημα

92 2700 154 2743 M
161 2700 230 2743 Va
261 2699 351 2742 edd
495 2704 520 2743 6
553 2697 798 2754 πρόσρημα
822 2700 868 2743 Β
1011 2705 1037 2744 8
1071 2698 1191 2751 ἴδοις
1224 2701 1290 2744 Va
1429 2704 1482 2742 16
1514 2697 1656 2743 πλέον
1687 2712 1780 2742 non

90 2759 198 2813 post
228 2774 286 2812 τι,
318 2758 400 2802 sed
430 2759 539 2814 post
570 2755 885 2814 δικαζομένων
912 2759 1104 2804 MaczB
1138 2762 1145 2815 Ι
1179 2758 1298 2803 κατὰ
1331 2773 1405 2802 om
1438 2759 1507 2802 Va
1534 2761 1540 2814 Ι
1569 2756 1779 2809 δικαζόν-

90 2832 182 2860 των
210 2818 276 2861 Va
399 2822 451 2860 17
486 2814 571 2860 οὖν
595 2818 703 2872 post
726 2815 810 2871 μὲν
828 2818 1068 2863 AthMacz
1095 2821 1101 2875 Ι
1130 2817 1274 2867 οὕτως
1299 2819 1361 2861 Μ
1384 2821 1389 2867 Ι
1417 2816 1547 2875 τύχοι
1570 2818 1636 2861 Va
1663 2819 1669 2872 Ι
1698 2815 1780 2871 δή-

93 2889 254 2931 μευσιν
286 2876 451 2932 scripsi
483 2878 671 2919 auctore
697 2874 851 2919 Gasda
913 2877 1131 2933 δημεύειν
1162 2877 1271 2920 libri
1303 2875 1394 2919 edd
1422 2878 1428 2931 Ι
1454 2877 1562 2927 τοὺς
1586 2876 1780 2921 Mam-13

214 2938 267 2978 19
294 2933 531 2990 ὁρίζοντας
547 2935 593 2978 Β
714 2940 768 2978 21
795 2942 897 2986 ταῖς
912 2936 1115 2992 γνώμαις
1130 2937 1238 2985 τοὺς
1255 2933 1476 2985 δικαστὰς
1493 2935 1780 2980 AthMaOIB
