2014 3158
517 131 800 176 DAMNATI
829 131 1013 175 EXILII
1043 131 1282 176 ΡΕΤΙΤΙΟ
1641 130 1749 183 539

51 268 285 331 ποσάκις
323 272 429 321 οἴει
458 287 524 337 με
563 266 843 331 στενάξειν
874 268 975 335 τὴν
1006 265 1377 336 ἑνεγκαμένην
1405 269 1750 336 ποθήσαντα,

55 356 285 420 ποσάκις
339 357 669 426 ὀδυρεῖσθαι
715 356 875 426 γένος
923 356 1279 425 ἐπιζητοῦντα
1324 355 1416 409 καὶ
1464 365 1752 425 συγγενεῖς

55 444 147 498 καὶ
186 447 584 516 προσήκοντας;
632 442 738 515 ἀρα
776 445 948 499 ταῦτά
987 459 1077 499 σοι
1116 447 1615 516 φιλανθρωπότερα
1647 451 1751 500 θα-

53 535 227 587 νάτου
268 539 546 604 φαίνεται;
586 531 692 605 ἀρα
730 534 1044 605 κουφοτέρα
1081 542 1177 603 τῆς
1215 533 1434 603 ἀτιμίας
1473 534 1505 603 ἡ
1546 535 1751 605 πλάνη;

169 638 255 691 20.
282 637 404 692 Ἵνα
457 638 522 692 δέ
572 654 662 692 σοι
715 637 805 692 καὶ
857 639 997 708 πρὸς
1050 645 1252 691 τοῦτον
1306 637 1599 708 ἀπαντήσω
1653 641 1753 693 τὸν

57 729 229 795 λόγον
282 729 355 790 ὡς
408 728 540 781 οὐδὲ
590 726 823 798 πονηροὶ
872 725 944 780 δι’
1000 724 1091 796 ἐμὲ
1136 730 1362 790 πλείους
1409 731 1752 797 γενήσονται,

59 817 204 870 οὕτω
261 820 483 886 λογίζου
536 816 626 870 καὶ
676 817 792 886 ὅρα.
846 819 977 879 τοὺς
1023 815 1410 886 ἀνδροφόνους
1455 817 1753 886 κολάζομεν

57 906 146 958 καὶ
201 907 442 968 πολλοὺς
495 904 584 959 ἐπὶ
640 909 838 976 φόνοις
891 905 1125 968 ἁλόντας
1169 905 1202 974 ἡ
1253 909 1410 968 πόλις
1465 904 1752 978 ἀνῄρηκεν.

56 990 145 1063 ἀρ’
191 990 295 1048 οὖν
334 993 517 1048 οὐκέτι
556 997 722 1064 φόνοι
761 998 1088 1064 γενήσονται
1134 994 1268 1047 οὐδὲ
1314 994 1430 1047 κατ’
1477 995 1756 1065 ἀνδροφό-

57 1103 173 1136 νων
211 1080 360 1136 ἔσται
407 1087 620 1154 γραφή,
676 1084 761 1137 ὅτι
807 1086 1049 1146 πολλοὺς
1103 1083 1335 1146 ἁλόντας
1381 1083 1754 1154 ἀνῃρήκαμεν;

56 1172 409 1241 πικροτάταις
463 1173 555 1226 καὶ
609 1175 740 1236 τοὺς
793 1175 1021 1243 μοιχοὺς
1074 1172 1399 1242 ἀμυνόμεθα
1454 1176 1754 1242 τιμωρίαις,

58 1259 178 1314 ἀλλ’
222 1259 354 1315 οὐδὲ
392 1269 565 1314 ταῦτα
604 1263 741 1331 πρὸς
781 1263 1157 1333 σωφροσύνην
1196 1261 1414 1332 ἀρκέσει
1445 1271 1560 1324 τοῖς
1599 1261 1755 1314 ὕστε-

57 1370 174 1419 ρον.
214 1350 358 1403 εἰσὶν
398 1352 450 1403 oz
491 1352 627 1404 κατὰ
665 1361 775 1404 τῶν
817 1352 1124 1422 ἱεροσύλων
1155 1350 1453 1420 ὡρισμένοι
1486 1352 1753 1404 κίνδυνοι.

56 1448 172 1502 πῶς
233 1435 336 1492 οὖν
400 1440 816 1508 ἱεροσυλοῦντες
885 1449 1130 1509 συνεχῶς
1197 1460 1344 1502 τινες
1413 1439 1755 1502 ἀλίσκονται;

59 1527 146 1580 21.
186 1526 330 1581 εἰσὶν
369 1527 687 1596 ἀχαριστίας
725 1533 962 1599 γραφαί,
1013 1531 1391 1599 προαγωγείας
1431 1527 1754 1597 ἐγκλήματα,

178 1723 202 1761 7
235 1718 367 1763 Dem.
394 1719 612 1763 Aristocr.
642 1734 686 1776 p.
714 1724 814 1773 629,
833 1724 888 1763 28
907 1735 974 1776 sq.
1099 1724 1152 1763 13
1186 1719 1314 1763 Dem.
1350 1718 1546 1762 Timoer.
1580 1734 1626 1775 p.
1656 1723 1755 1772 738,

9 1819 13 1822 .
64 1782 118 1820 27
266 1782 320 1821 15
359 1778 577 1823 Aeschin.
613 1778 729 1823 Tim.
763 1783 788 1832 ξ
820 1784 874 1822 14
906 1794 950 1835 p.
978 1783 1086 1833 3‚9;
1118 1783 1143 1833 ξ
1172 1783 1255 1823 184
1286 1794 1331 1835 p.
1359 1783 1431 1833 26,
1451 1783 1519 1822 17.
1552 1777 1667 1822 Poll.
1694 1778 1756 1820 III

64 1841 134 1880 27.
175 1836 233 1881 cf.
265 1836 946 1895 Meier-Schoomann-Lipsius‚
980 1839 1074 1882 Att.
1109 1839 1299 1882 Prooess
1330 1853 1374 1894 p.
1402 1843 1488 1882 410

180 2020 206 2058 5
238 2013 356 2071 πρός
386 2032 430 2060 τι
456 2018 603 2060 Mrubr
634 2018 754 2072 (corr
784 2016 901 2071 πρὸς
931 2014 991 2073 τί)

60 2193 262 2245 πλάναις
291 2193 460 2249 reliqui
499 2193 608 2236 libri
648 2193 739 2236 edd
779 2194 861 2237 sed
891 2199 1007 2249 „aut
1043 2194 1238 2246 πλάνοις
1275 2200 1359 2239 aut
1388 2193 1644 2249 πλανήταις
1675 2195 1755 2251 169.

0 2304 1 2308 Ἰ
61 2254 268 2298 vidam-⁴⁴
300 2253 369 2296 Re
405 2256 410 2309 Ι
446 2252 634 2309 εὔξομαι
659 2253 799 2297 AthB

0 2393 1 2418 ἦ
183 2361 206 2399 1
240 2372 295 2412 με
326 2355 414 2400 οἴει
438 2357 484 2399 Β
526 2359 532 2411 Ι
583 2356 817 2409 στενάξειν
849 2358 897 2400 et
928 2362 953 2399 2
988 2356 1268 2412 ὀδυρεῖσθαι
1299 2356 1464 2432 scripsi
1542 2355 1757 2408 στενάξαι

64 2417 112 2458 et
142 2414 402 2471 ὀδύρεσθαι
434 2415 543 2458 libri
575 2415 665 2459 edd
789 2420 814 2458 2
847 2413 1119 2473 συγγένειαν
1144 2417 1189 2460 Β
1327 2420 1352 2458 3
1390 2433 1481 2471 αρα
1508 2442 1563 2448 -
1587 2421 1614 2458 4
1647 2413 1755 2470 φαί-

63 2490 193 2518 νεται
232 2476 342 2518 ante
374 2480 401 2518 4
442 2470 533 2529 ἆρα
560 2500 614 2506 -
638 2473 790 2530 πλάνη
829 2474 966 2530 posui
1006 2488 1062 2519 ex
1089 2475 1402 2530 ΑιῙιΜαΟΖΒ,
1442 2477 1551 2531 post
1574 2475 1675 2518 PM
1687 2475 1756 2518 Va

63 2533 156 2578 edd
182 2535 188 2589 Ι
218 2547 289 2578 σοι
312 2547 388 2577 om
415 2535 504 2578 Ma
623 2538 649 2576 5
681 2533 798 2589 πρὸς
828 2547 904 2577 om
929 2535 974 2578 B
1002 2536 1008 2590 Ι
1034 2541 1258 2579 τοσοῦτον
1283 2536 1345 2579 M
1353 2535 1422 2578 Va
1448 2538 1454 2588 Ι
1483 2535 1512 2577 ἀ
1545 2547 1651 2576 cum
1683 2533 1756 2576 lac

64 2597 91 2635 6
122 2592 203 2635 litt
226 2594 272 2637 B
332 2592 582 2647 ἀπαρτήσω
616 2592 686 2636 Va
806 2597 831 2635 6
865 2592 975 2637 οὐδὲ
999 2593 1075 2637 vel
1100 2593 1350 2637 delendum
1380 2592 1454 2636 vel
1486 2592 1534 2635 in
1567 2591 1624 2647 δὴ
1658 2606 1756 2636 cor-

63 2651 310 2708 rigendum
343 2652 448 2695 coni
481 2651 637 2695 Gasda
698 2651 754 2695 οὐ
779 2652 823 2694 Β
852 2654 858 2708 Ι
886 2649 952 2695 δι’
988 2652 1065 2708 ἐμὲ
1096 2653 1294 2708 πονηροὶ
1319 2653 1363 2695 Β
1510 2656 1561 2693 11
1595 2667 1755 2705 πικρο-

62 2709 218 2765 τέραις
242 2712 332 2755 Μα
363 2711 444 2754 sed
474 2709 631 2765 τέραις
660 2710 708 2753 in
740 2709 900 2761 τάταις
931 2725 1032 2754 corr
1062 2711 1132 2754 m²
1159 2714 1165 2767 Ι
1194 2711 1479 2766 ἀμυνόμενοι
1503 2712 1549 2754 Ρ
1574 2710 1686 2752 Ferr
1709 2712 1756 2753 et

65 2786 120 2825 γρ
151 2769 202 2812 in
233 2783 367 2827 marg
398 2770 500 2813 Mor
622 2773 674 2811 12
709 2770 847 2814 οὐδὲν
872 2770 1160 2815 AthMaOzB
1194 2773 1201 2826 1
1236 2771 1369 2824 ἀρκεῖ
1400 2769 1511 2812 Fen·
1542 2771 1589 2812 et
1621 2786 1674 2824 γρ
1706 2769 1756 2811 in

65 2841 200 2884 marg
222 2829 324 2872 Mor
447 2833 499 2871 13
525 2827 570 2872 οἱ
595 2828 845 2871 delendum
870 2830 1028 2873 censet
1050 2829 1204 2873 Gasda
1328 2834 1381 2872 14
1413 2844 1534 2878 τινες
1557 2835 1756 2884 συνεχῶς

75 2887 144 2930 Va
288 2891 342 2930 15
378 2886 535 2944 γραφὴ
562 2887 616 2932 ΟΖ
663 2890 668 2942 Ι
718 2886 1038 2944 προαγωγείας
1069 2889 1138 2932 Va
1170 2888 1250 2931 sed
1283 2903 1323 2931 ει
1355 2900 1410 2930 ex
1443 2902 1463 2930 ε
1498 2899 1598 2930 corr
1629 2886 1698 2929 ω’
1742 2910 1745 2912 -

65 2944 364 3002 προαγωγίας
390 2947 442 2991 Ol
500 2946 824 3002 προσαγωγίας
850 2947 938 2990 Μα

1780 1107 1821 1139 10

1780 1551 1821 1584 15
