2044 3168
92 123 388 169 PAUPERIS
418 122 721 170 RHETORIS
751 122 983 167 LINGUA
1013 122 1261 169 PRIVATI
1290 121 1589 167 DEFENSIO
1674 121 1781 174 233

6 250 19 290 s
91 259 274 325 δεῖξον
312 261 413 329 τὴν
452 263 715 329 γλῶτταν.
757 259 887 331 ὁρᾷς
918 259 990 323 ὡς
1023 257 1390 328 ἐκάμφθησαν
1423 259 1480 312 οἱ
1508 258 1782 323 ὃικασταί;

88 350 290 420 θάρρει
336 350 404 418 δὴ
450 349 573 418 περὶ
621 356 715 418 τῆς
760 351 954 418 ψήφου
1000 346 1090 401 καὶ
1137 348 1209 417 μὴ
1257 346 1439 417 μέμψῃ
1490 354 1563 420 τῷ
1613 348 1781 420 δήμῳ·

90 437 300 492 στένων
339 437 628 508 ἐψηφίζετο
667 438 769 507 τὴν
809 438 1023 506 δωρεὰν
1055 438 1357 506 νικώμενος
1387 437 1497 490 ὑπὸ
1530 445 1629 491 τοῦ
1667 457 1784 492 και-

90 536 207 598 ροῦ.
247 526 443 581 πολλοὶ
483 527 745 591 πολλάκις
786 526 1067 580 ἐπέδωκαν
1108 526 1310 589 αὑτοὺς
1348 525 1486 596 ὑπὲρ
1534 537 1645 580 τῶν
1683 545 1783 580 πα-

89 617 299 687 τρίδων
344 618 422 680 εἰς
469 618 704 686 σφαγήν.
758 612 959 678 ἔλυσας
1004 613 1094 668 καὶ
1143 619 1212 668 σὺ
1260 623 1324 686 τῇ
1371 623 1508 686 τομῇ
1547 616 1650 686 τὴν
1687 634 1783 670 πο-
1831 635 1851 669 5

89 708 352 776 λιορκίαν.
393 705 453 759 ἐν
488 706 494 776 Ι
528 716 648 769 ταῖς
687 705 1025 776 εὐεργεσίαις
1063 704 1152 758 καὶ
1195 706 1257 758 τὸ
1297 705 1480 767 πάθος
1520 704 1601 773 ε’γ-
1647 709 1873 754 RIV723

87 796 297 866 γράψω.
367 794 452 849 56.
507 802 607 848 τοῦ
660 791 762 863 μὲν
817 790 922 847 οὖν
979 795 1331 864 ψηφίσματος
1386 794 1784 863 ἐπιλανθάνου,

88 885 331 954 μέμνησο
371 882 431 937 δὲ
470 892 565 954 τῆς
603 888 770 953 καλῆς
811 882 1096 952 ἐκκλησίας
1134 881 1224 935 καὶ
1257 892 1368 936 τῶν
1400 885 1594 951 λίθων.
1634 884 1786 954 τήρει

86 995 181 1045 μοι
219 976 320 1044 τὴν
359 973 594 1044 ἀρχαίαν
631 974 861 1043 γνώμην
899 973 990 1026 καὶ
1030 973 1272 1042 φύλαττε
1310 973 1412 1042 τὴν
1443 974 1785 1043 προαίρεσιν,

88 1063 286 1134 δέομαί
319 1078 449 1132 σου,
495 1063 584 1116 καὶ
633 1070 858 1116 σιωπῶν
904 1062 1044 1133 πρὸς
1089 1063 1156 1116 τὰ
1201 1062 1376 1115 κοινά.
1431 1063 1611 1132 γράφε
1650 1077 1785 1130 συμ-
1812 1085 1852 1117 ιο

53 1198 56 1200 .
88 1153 304 1222 βουλάς.
353 1150 459 1221 ἐγὼ
501 1149 562 1205 δὲ
602 1151 1010 1220 ἀναγνώσομαι,
1049 1150 1155 1205 κᾶν
1194 1151 1337 1222 εὕρω
1376 1152 1502 1204 τινὰ
1540 1153 1785 1221 γνώμην,

88 1241 536 1311 ἄνακοινώσομαί
581 1255 683 1294 σοι.
739 1243 809 1294 σὺ
858 1238 919 1294 δὲ
966 1240 1201 1294 ἀνάνευε
1249 1239 1342 1294 καὶ
1389 1241 1656 1294 κατάνευε
1693 1241 1785 1294 καὶ

86 1333 383 1386 πολιτεύου
429 1339 545 1394 τοῖς
591 1331 840 1399 νεύμασι.
897 1331 1103 1394 σύνθες
1151 1329 1457 1399 ἀπολογίαν
1502 1330 1639 1400 ὑπὲρ
1684 1338 1785 1384 τοῦ

90 1423 292 1490 δήμου,
341 1418 534 1490 πρέπει
575 1434 663 1474 σοι
709 1418 800 1473 καὶ
847 1421 1155 1473 πεπονθότι
1200 1430 1427 1487 κοσμεῖν
1465 1421 1566 1490 τὴν
1603 1423 1785 1489 πόλιν,

89 1511 296 1573 σύνθες
334 1510 680 1579 παράκλησιν
720 1510 796 1573 εἰς
833 1512 1159 1578 προθυμίαν
1197 1519 1314 1573 τοῖς
1351 1507 1600 1579 πένησιν,
1640 1507 1784 1574 ἔξελε
1809 1532 1851 1564 15

88 1600 187 1653 τὸν
226 1601 423 1669 φόβον,
463 1597 774 1669 ἐπίρρωσον
811 1598 949 1669 πρὸς
988 1599 1090 1667 τὴν
1130 1600 1369 1653 εὔνοιαν.
1413 1597 1472 1652 σὲ
1513 1597 1574 1652 δὲ
1616 1599 1646 1666 ἡ
1686 1602 1783 1653 πό-

91 1692 174 1751 λις
214 1689 450 1758 δημοσίᾳ
480 1686 681 1758 θρέψει
711 1686 1189 1757 παραμυθουμένη
1224 1688 1430 1759 ῥήτορα
1468 1689 1697 1758 ἄφωνον
1728 1709 1785 1742 τε

87 1775 179 1830 καὶ
218 1776 439 1845 πένητα.

212 1942 265 1983 17
300 1938 443 1982 Thuc.
473 1937 516 1982 H
538 1943 595 1981 46

209 2092 234 2131 6
268 2102 334 2144 sq.
375 2094 570 2145 γενναῖα
607 2093 755 2131 ταῦτα
797 2085 954 2132 πάντα
998 2088 1079 2133 καὶ
1121 2090 1290 2145 κομιδῆ
1336 2089 1485 2143 ὡραῖα
1527 2089 1609 2133 καὶ
1641 2089 1787 2141 ὄντως

91 2144 314 2205 ῥητορικὰ
345 2147 425 2191 καὶ
456 2153 538 2191 τοῦ
575 2143 721 2203 μόνου
760 2146 928 2192 τούτου
967 2148 1076 2200 τοὺς
1112 2145 1278 2212 λόγους
1316 2149 1676 2207 ἐμψυχώσαντος
1706 2155 1786 2195 Λι-

91 2204 257 2265 βανίου
290 2206 399 2260 ἄξια
425 2207 469 2251 L
1136 2216 1146 2242 Ν

211 2360 236 2398 2
269 2354 399 2410 παρὰ
431 2355 490 2398 Vi
530 2357 538 2411 Ι
580 2353 734 2411 μέμφη
759 2357 886 2400 BVa
1006 2360 1032 2398 3
1066 2354 1090 2402 ὃ
1123 2358 1271 2413 δῆμος
1303 2358 1412 2402 ante
1442 2357 1527 2414 τὴν
1561 2359 1619 2402 Vi
1659 2358 1666 2418 Ι
1702 2365 1786 2402 τοῦ

93 2428 169 2459 om
193 2415 439 2460 LLaViCl
559 2418 586 2457 4
618 2415 789 2464 αὐτοὺς
812 2416 934 2460 LLa
946 2416 1058 2462 ViGz
1089 2416 1171 2460 sed
1203 2416 1252 2459 in
1283 2416 1372 2461 hoc
1403 2418 1485 2469 οὺς
1514 2417 1564 2461 in
1594 2431 1670 2462 ras
1701 2417 1786 2473 m',

93 2474 186 2518 edd
305 2478 332 2518 5
364 2474 430 2525 εἰς
461 2472 646 2530 σφαγὴν
678 2472 794 2529 ὑπὲρ
825 2481 918 2519 τῶν
948 2473 1188 2531 πατρίδων
1211 2475 1288 2520 La
1409 2481 1434 2520 6
1468 2476 1684 2534 ἐγγράφω
1710 2478 1787 2521 La

103 2534 171 2579 Va
203 2533 283 2577 sed
315 2533 365 2577 in
395 2533 486 2577 hoc
516 2533 614 2590 γ(1)
646 2546 749 2576 eras
783 2534 829 2577 οὺ
861 2550 896 2589 φ
928 2534 978 2577 in
1009 2543 1047 2592 ψ
1081 2549 1182 2579 corr
1212 2534 1297 2591 m',
1325 2535 1376 2581 Ol
1444 2534 1634 2594 ἐγράψω
1661 2538 1707 2581 Β
1739 2538 1787 2581 ot

93 2609 147 2650 γρ
180 2591 230 2635 in
263 2605 398 2649 marg
428 2592 529 2636 Mor
606 2591 814 2649 ἐγράφου
846 2594 906 2637 Vi
943 2593 1025 2637 sed
1065 2593 1282 2652 ἐγγράφω
1323 2608 1538 2652 suprascr
1568 2595 1638 2639 m²
1706 2595 1786 2653 ,ἔγ-

94 2711 244 2752 γραφε
275 2695 378 2740 Μοι·
497 2700 523 2740 8
555 2654 706 2754 {2⁰32}ss
737 2697 807 2741 Va
936 2701 990 2740 10
1023 2704 1208 2742 σιωπῶν
1240 2697 1404 2755 scripsi
1437 2700 1628 2743 auctore
1659 2698 1726 2742 Re

93 2762 359 2806 σιωπῶντος
390 2755 499 2799 libri
531 2757 622 2800 edd
650 2757 656 2812 Ι
693 2754 843 2813 γράφε
875 2755 993 2811 πρὸς
1022 2755 1080 2800 τὰ
1112 2756 1251 2802 κοινὰ
1282 2756 1541 2815 συμβουλάς
1568 2758 1669 2802 ML
1682 2759 1783 2803 ViB

214 2820 266 2858 11
302 2815 382 2858 καὶ
415 2812 532 2870 εὕρω
563 2813 669 2860 τίνα
702 2817 888 2872 γνώμην
927 2815 1305 2874 ἀνακοινώσομαί
1336 2831 1409 2860 σοι
1440 2817 1545 2861 coni
1577 2817 1643 2861 Re

215 2878 269 2917 15
301 2872 613 2931 παραμυθίαν
638 2875 682 2919 L
707 2877 714 2931 Ι
743 2872 831 2927 ἕξει
862 2871 907 2918 τί
940 2875 997 2919 Vi
1118 2880 1171 2918 16
1202 2877 1285 2920 τὸν
1317 2890 1393 2919 om
1427 2876 1483 2919 Vi
