2044 3168
199 129 413 173 PATRIS
446 128 658 174 CAEDIS
690 128 887 172 FILIAE
919 127 1270 181 GENERIQUE
1302 128 1601 173 DEFENSIO
1664 129 1772 181 339

80 267 288 335 τρόπον
334 265 521 334 ἕτερον
569 267 919 335 σκευωρήσας
973 263 1312 334 ἐλήλεγκται·
1368 263 1455 334 ἐφ’
1510 257 1592 328 οἷς
1640 264 1688 318 δ’
1743 265 1772 319 6

81 351 182 424 μὲν
236 355 507 424 ἠδικηκὼς
566 353 871 422 πέπτωκεν,
926 353 955 407 6
1013 352 1060 406 δ’
1124 354 1190 406 οὐ
1246 355 1773 424 προεπιβουλεύσας,

81 440 197 497 ἀλλ’
246 444 318 506 ὡς
358 444 558 507 ἀδίκως
596 442 687 497 ὑπ’
735 443 948 496 ἐκείνου
988 443 1190 495 παθὼν
1229 446 1502 512 πρότερον
1541 436 1624 506 οἷς
1663 437 1773 513 εἶχε

82 534 306 596 δικαίως
352 534 622 602 ἠμύνατο,
668 540 869 586 τοῦτον
916 530 965 584 δ’
1021 531 1208 585 οὔποτ’
1257 531 1329 585 ἂν
1376 532 1560 595 οὐδεὶς
1606 530 1773 586 οὐδὲν

82 618 234 691 οὔθ’,
275 623 347 685 ὡς
379 618 548 691 οἶμαι,
585 624 755 691 νόμος
794 621 921 674 οὔτε
957 622 1215 690 δικαστὴς
1247 621 1566 674 αἰτιάσαιτο.
1607 621 1692 674 27.
1726 623 1773 675 εἰ
1819 643 1839 676 5

80 710 182 780 μὲν
222 707 326 764 οὖν
364 707 500 780 ἔχεις
539 731 590 764 τι
629 709 719 763 καὶ
762 712 831 763 σὺ
871 710 1083 763 τούτων
1124 711 1322 778 εἰπεῖν,
1374 708 1638 779 διάβαλλε
1675 711 1774 764 τὸν

81 797 206 870 περὶ
243 801 345 869 τὴν
384 800 560 868 φύσιν
598 799 765 867 ὠμόν.
803 801 980 852 καίτοι
1020 800 1101 862 τίς
1142 798 1244 852 οὐκ
1284 793 1438 852 οἶδεν
1477 798 1550 863 ὡς
1595 801 1772 870 πατὴρ

81 885 182 958 μὲν
221 887 249 941 6
290 889 562 958 δυστυχὴς
611 886 735 957 περὶ
783 890 912 951 τοὺς
958 889 1158 951 παῖδας
1204 887 1333 956 ἐγώ,
1383 887 1585 942 ἐκεῖνοι
1624 887 1673 942 δ’
1720 890 1773 942 οἱ

78 978 441 1045 πεπτωκότες,
487 977 520 1046 ἡ
567 974 669 1047 μὲν
722 979 858 1046 κόρη
913 986 1024 1031 τῶν
1077 978 1390 1047 νεογάμων,
1446 976 1531 1047 ἐφ’
1586 971 1620 1048 ᾗ
1664 980 1771 1047 πρὸ

79 1073 278 1135 μικροῦ
316 1064 408 1119 καὶ
448 1069 721 1135 γαμηλίου
760 1067 937 1134 πυρὸς
974 1067 1199 1136 ἡψάμην
1237 1065 1328 1120 καὶ
1366 1066 1524 1138 μέχρι
1562 1066 1653 1120 καὶ
1694 1069 1772 1130 εἰς
1798 1090 1840 1122 10

77 1155 326 1207 παστάδα
371 1157 800 1225 προεπόμπευσα
853 1156 944 1209 καὶ
997 1152 1168 1209 πάνθ’
1223 1155 1399 1210 ὁπόσα
1452 1155 1543 1209 καὶ
1595 1157 1772 1226 πατὴρ

79 1242 292 1311 ἀγαθὸς
345 1243 627 1309 ἐπεύξαιτο
681 1247 811 1307 τοὺς
864 1246 1036 1308 θεοὺς
1088 1242 1228 1315 ὑπὲρ
1282 1253 1378 1315 τῆς
1422 1246 1618 1309 παιδὸς
1668 1245 1773 1299 ἱκέ-

77 1347 268 1401 τευσα,
323 1335 371 1387 εἰ
415 1332 506 1387 καὶ
553 1333 726 1403 μηδέν
775 1354 827 1387 τι
873 1342 968 1404 τῆς
1014 1334 1178 1403 εὐχῆς
1216 1332 1431 1404 ἐκείνης
1470 1334 1773 1404 ἀπωνάμην

77 1422 167 1474 καὶ
205 1432 318 1475 τῶν
351 1420 359 1494 Ι
393 1423 662 1491 θυμάτων
702 1419 781 1477 ὧν
821 1421 908 1476 ἐπὶ
948 1423 1300 1490 τελουμένοις
1339 1434 1455 1487 τοῖς
1493 1423 1587 1492 γά-
1637 1429 1758 1474 RIV
1774 1434 1860 1474 593

77 1531 200 1580 μοις
239 1511 480 1580 ἀνόνητά
526 1531 611 1580 γε,
660 1512 733 1575 ὡς
780 1515 983 1581 ἔοικεν,
1035 1512 1064 1566 6
1106 1514 1348 1576 δείλαιος
1399 1512 1769 1583 ἐκαλλιέρουν.
1797 1535 1838 1569 15

79 1599 283 1664 ἐκεῖνος
323 1598 370 1654 δ’
418 1601 447 1655 6
487 1602 590 1671 τὴν
629 1609 727 1655 τοῦ
766 1604 972 1665 παντός
1009 1623 1104 1670 μοι
1151 1601 1351 1671 γένους
1397 1601 1628 1672 ἐρημίαν
1652 1617 1771 1656 ’συ-

78 1689 480 1757 σκευασάμενος
512 1688 625 1743 καὶ
678 1691 744 1744 τὰ
798 1693 1034 1761 φίλτατα
1087 1689 1471 1759 ἐκπολεμώσας
1528 1695 1772 1762 νυμφίος

76 1775 178 1846 μὲν
215 1775 310 1848 ἦν,
356 1789 484 1843 παῖς
523 1778 571 1832 δ’
620 1775 724 1833 οὖν
769 1780 860 1833 καὶ
906 1777 1068 1844 οὗτος
1106 1779 1258 1848 ἐμός,
1303 1779 1410 1834 κᾶν
1455 1789 1622 1850 γονῆς
1663 1780 1766 1835 ἑτέ-

198 1989 251 2029 1‘1
286 1984 342 2029 cf.
375 1999 420 2042 p.
447 1989 549 2041 335,
568 1989 591 2028 7

199 2184 221 2223 1
254 2179 336 2223 τὸν
368 2179 477 2223 ante
507 2177 680 2234 τρόπον
698 2179 804 2224 ViB
835 2181 884 2223 et
913 2179 962 2223 in
993 2193 1069 2223 ras
1089 2180 1156 2224 Va
1173 2181 1190 2251 Ι
1218 2166 1563 2235 σκευωρήσαςΒ
1626 2180 1683 2224 cf.
1709 2181 1770 2224 ad

77 2252 122 2295 p.
134 2243 234 2294 325
250 2243 304 2282 15
426 2243 451 2282 2
484 2236 637 2295 ἠδίκει
661 2239 742 2283 καὶ
768 2238 1025 2284 MaClViB
1040 2240 1108 2283 Va
1134 2241 1141 2296 Ι
1171 2237 1192 2283 ὅ
1221 2240 1356 2284 ΜαΒ
1370 2240 1437 2284 Va
1557 2243 1584 2282 4
1616 2240 1771 2290 οὐδεὶς

81 2299 170 2342 Ma
193 2298 274 2342 sed
300 2314 341 2342 ει
370 2297 420 2341 in
451 2311 527 2341 ras
558 2297 628 2341 m²
749 2302 774 2341 6
805 2296 850 2342 τί
869 2298 939 2342 Va
966 2301 972 2355 Ι
1000 2298 1194 2357 διάβαλε
1218 2300 1264 2343 Β
1292 2300 1298 2355 Ι
1324 2298 1444 2343 τὸν
1430 2298 1605 2343 inserui
1630 2312 1654 2342 e
1681 2301 1770 2343 Ma

80 2357 246 2402 OlViB
258 2358 326 2402 Va
387 2371 463 2401 om
481 2358 600 2402 LPa
624 2356 715 2401 edd
740 2358 820 2401 sed
842 2359 972 2414 „.f0rt
989 2358 1041 2402 τὸ
1066 2357 1188 2414 πέρα
1210 2363 1293 2414 τῆς
1318 2357 1500 2413 φύσεώς
1515 2374 1603 2414 μου
1629 2357 1768 2414 ὠμόν,

78 2420 162 2460 aut
183 2413 234 2462 τὸ
259 2414 386 2470 παρὰ
410 2416 494 2474 τὴν
519 2416 663 2473 φύσιν
681 2421 865 2473 praeter
887 2423 1120 2473 naturam,
1133 2430 1268 2492 εοεαε
1290 2422 1425 2474 atque
1447 2423 1621 2462 natura
1648 2418 1765 2472 fert“

77 2475 146 2518 Re
268 2479 291 2518 ‘1
316 2475 488 2534 πατὴρ]
505 2476 618 2531 πρὶν
636 2476 746 2519 Fen·
762 2475 863 2519 Mor
982 2480 1009 2520 8
1035 2475 1077 2520 δ’
1102 2475 1146 2520 οἱ
1164 2476 1328 2533 scripsi
1346 2490 1371 2520 e
1387 2478 1433 2521 Β
1496 2477 1547 2521 δὲ
1558 2477 1769 2521 LPaMa

81 2534 134 2579 Ol
144 2535 201 2579 Vi
209 2535 278 2579 Va
294 2534 386 2579 edd
403 2535 484 2579 sed
501 2535 551 2580 δὲ
569 2534 614 2579 οἱ
632 2535 736 2579 coni
751 2534 820 2578 Re
943 2540 995 2579 11
1014 2533 1374 2592 προεπόμπευσα
1390 2535 1576 2592 reposui
1595 2550 1620 2581 e
1635 2535 1768 2580 libris

79 2593 170 2637 coll
197 2608 243 2650 p.
269 2598 368 2647 383,
387 2598 413 2636 3
475 2592 842 2650 προύπόμπευσα
868 2594 959 2639 edd
1082 2600 1135 2638 12
1166 2602 1249 2639 τοῦ
1276 2595 1423 2640 Mam
1434 2596 1537 2640 ViB
1550 2597 1617 2641 Va
1644 2597 1650 2652 Ι
1678 2593 1769 2638 ἱκέ-

77 2665 215 2696 τευσα
242 2653 331 2697 Μα
369 2652 452 2698 sed
483 2671 514 2698 α
547 2653 641 2697 add
672 2654 743 2697 m³
887 2658 941 2697 13
979 2653 1031 2698 τὸ
1072 2656 1249 2710 antea
1253 2653 1364 2710 ηδέν
1404 2654 1514 2698 libri
1554 2655 1645 2698 edd
1686 2654 1767 2697 sed

83 2717 192 2767 „aut
220 2711 272 2756 τὸ
303 2717 389 2756 aut
417 2729 461 2756 τι
492 2718 556 2757 est
585 2713 852 2757 delendum“
885 2712 954 2756 Re
1015 2712 1166 2758 delevi
1289 2718 1343 2758 14
1380 2713 1459 2757 καὶ
1489 2721 1582 2757 τῶν
1613 2713 1768 2769 θυμά-

77 2786 170 2814 των
201 2784 276 2814 om
301 2771 346 2815 Β
373 2773 379 2822 Ι
409 2771 485 2815 ἐπὶ
514 2770 804 2829 τελουμένοις
834 2772 1000 2828 scripsi
1032 2785 1057 2816 e
1081 2774 1155 2817 Pa
1186 2774 1240 2816 ut
1271 2772 1375 2816 coni
1406 2772 1473 2816 Re
1535 2773 1766 2816 ἐπιτελου-

79 2827 234 2885 μένοις
265 2829 435 2886 reliqui
466 2830 575 2874 libri
607 2831 698 2875 edd
832 2835 886 2874 15
919 2830 1036 2887 ἀνόη
1039 2830 1098 2875 τά
1123 2832 1241 2876 LPa
1254 2832 1356 2876 ViB
1388 2833 1436 2875 et.
1467 2848 1520 2887 γρ
1553 2831 1603 2874 in
1633 2843 1768 2887 marg

80 2887 182 2932 Mor
198 2890 245 2933 ot
262 2888 329 2932 Re
356 2891 363 2945 Ι
391 2888 712 2966 ἐκαλλιέργουν
731 2890 785 2935 Cl
797 2891 854 2935 Vi
896 2848 1118 2965 τέκαῗλιέρ
1123 2906 1237 2946 ρουν
1257 2892 1326 2935 Va
1434 2894 1487 2933 18
1512 2887 1601 2934 κᾶν
1625 2895 1768 2946 γονῆς

80 2945 238 3002 ἑτέρας
267 2950 376 2992 ante
407 2956 520 2999 παῖς
550 2947 595 2992 δ’
634 2946 718 2993 οὖν
750 2949 830 2992 καὶ
864 2945 997 2999 οὗτος
1029 2948 1136 3005 ἐμὸς
1162 2949 1305 2994 Mam
1317 2950 1419 2994 ViB
1432 2949 1500 2994 Va

1320 3022 1410 3065 22*
