2014 3158
223 112 291 163 47
298 111 331 164 6
661 109 888 154 LIBANII
918 108 1311 154 DECLAMATIO
1342 109 1486 154 XLIV

334 253 380 298 4.
406 249 853 298 Laurentianus
877 249 1018 298 LVII
1039 251 1103 298 21
1133 265 1258 298 saec.
1274 244 1509 314 XIVJXV
1528 250 1613 299 fol.
1635 252 1755 301 227.
1787 250 1917 300 Vide

220 329 255 373 t.
280 325 327 371 V
357 342 404 387 p.
434 326 538 374 158
557 339 628 386 sq.

335 408 380 454 5.
413 406 784 454 Barberinus
814 405 867 452 II
899 407 966 452 41
1009 421 1138 452 nunc
1169 404 1442 453 Vaticanus
1475 405 1774 454 Barberinus
1808 408 1916 454 220

223 475 316 547 (=
342 475 410 545 Β)
449 495 574 527 saec.
600 478 691 526 XV
729 479 813 528 fol.
843 481 963 528 391.
1026 479 1154 527 Vide
1184 481 1219 527 t.
1244 478 1271 526 Ι
1306 496 1354 541 p.
1383 481 1451 527 24
1470 495 1540 541 sq.
1605 478 1917 529 Contulimus

222 570 311 618 ego
345 557 395 602 et
425 553 543 602 Pius
577 554 791 601 Franchi
822 553 882 601 de
916 552 1202 602 Cavaleriis.

334 636 549 684 Transeo
585 635 649 682 ad
683 630 1008 698 ‘eclogarios’.

335 719 380 765 6.
421 717 763 765 Marcianus
807 733 877 779 gr.
913 717 1017 764 439
1062 710 1156 782 (=
1189 710 1265 781 M)
1310 731 1433 765 saec.
1466 710 1710 781 XHJXIH
1748 716 1832 764 fol.
1870 719 1915 763 1.

222 790 480 840 Correctus
512 794 586 839 est
617 790 776 839 tribus
808 791 1059 838 manibus:
1093 806 1123 838 a
1145 789 1349 837 librario
1381 792 1491 852 ipso
1517 783 1628 927 (ηιξ,
1659 806 1810 838 manu
1842 805 1914 839 se-

220 866 381 914 cunda
411 865 605 913 librarii
638 866 795 912 aetati
825 866 1051 926 proxima
1077 857 1208 931 0112),
1236 864 1508 912 recentiore
1533 857 1588 931 (y
1662 864 1785 912 Vide
1809 867 1844 913 t.
1868 863 1915 910 V

218 957 264 1002 p.
296 941 399 988 168
419 955 491 1002 sq.
541 937 755 987 Contuli.

334 1023 379 1068 7
419 1020 864 1068 Laurentianus
902 1019 1046 1067 LVII
1078 1021 1148 1067 44
1190 1014 1285 1085 (=
1311 1013 1408 1086 La)
1449 1035 1571 1068 saec.
1603 1020 1647 1067 X
1686 1019 1772 1068 fol.
1805 1021 1912 1068 29'.

218 1095 339 1144 Post
368 1095 547 1143 folium
579 1095 647 1142 35
682 1094 778 1142 duo
818 1094 996 1141 ultima
1037 1094 1375 1155 quaternionis
1407 1094 1575 1156 quarti
1605 1094 1728 1142 folia
1757 1096 1912 1156 perie-

217 1172 337 1218 runt
368 1169 545 1231 quibus
577 1168 728 1216 verba
761 1184 806 1230 p.
834 1169 956 1229 509,
976 1170 1005 1216 9
1041 1168 1133 1217 οὐκ
1163 1165 1226 1216 ἄν
1257 1186 1329 1227 τις
1359 1183 1516 1230 usque
1543 1168 1605 1216 ad
1628 1185 1674 1231 p.
1703 1169 1909 1230 517,11

218 1241 513 1309 κρινομένου
554 1242 947 1290 continebantur.
1013 1241 1271 1291 Coi-rectus
1312 1245 1387 1291 est
1424 1242 1654 1290 manibus
1696 1243 1915 1305 quinque

209 1333 265 1380 p,
296 1319 334 1379 f,
365 1320 397 1379 i,
429 1332 478 1378 n,
508 1332 546 1366 s.
595 1317 722 1364 Vide
753 1319 789 1364 t.
815 1316 840 1364 Ι
870 1333 917 1378 p.
946 1317 1051 1364 224
1070 1332 1140 1378 sq.
1194 1315 1407 1364 Contuli.

271 1416 275 1419 ·
330 1399 407 1446 Ex
436 1399 530 1446 hoc
562 1399 642 1446 vel
675 1399 778 1446 eius
810 1398 963 1446 fratre
995 1398 1204 1461 gemello
1237 1398 1511 1459 descriptus
1542 1400 1617 1446 est

332 1475 377 1522 8.
418 1472 902 1520 Vindobonensis
949 1472 1127 1534 philos.
1176 1474 1226 1520 et
1271 1471 1442 1534 philol.
1478 1471 1551 1519 IV
1584 1473 1652 1520 82
1696 1465 1789 1538 (=
1822 1465 1914 1538 Vi)

218 1563 342 1596 saec.
373 1547 492 1595 XIV
523 1547 607 1595 fol.
635 1548 742 1595 91.
791 1546 916 1593 Vide
948 1548 984 1594 t.
1010 1546 1054 1593 V
1086 1563 1134 1608 p.
1163 1547 1266 1594 169
1287 1562 1357 1608 sq.
1406 1545 1622 1595 Contuli.

330 1630 376 1677 9.
402 1628 815 1676 Berolinensis
841 1644 912 1691 gr.
935 1629 1037 1676 195
1058 1628 1178 1676 olim
1197 1626 1698 1676 Claromontanus
1716 1621 1811 1694 (=
1833 1623 1912 1687 01)

218 1717 340 1751 saec.
373 1702 492 1750 XIV
530 1703 738 1751 f01.29'
769 1695 941 1767 (238).
999 1701 1257 1750 Correctus
1305 1704 1379 1750 est
1426 1701 1615 1749 duabus
1661 1701 1912 1749 manibus:

217 1777 430 1824 secunda
455 1793 514 1824 ex
538 1776 635 1824 alio
662 1776 827 1823 codice
845 1769 940 1842 (=
957 1770 1053 1842 m2)
1080 1778 1130 1824 et
1152 1777 1316 1824 tertia.
1348 1775 1476 1823 Vide
1499 1779 1534 1824 t.
1551 1775 1625 1823 IV
1650 1793 1697 1838 p.
1717 1777 1824 1824 410
1842 1790 1912 1838 sq.

219 1849 434 1899 Contuli.

333 1935 414 1980 10.
462 1931 794 1980 Vaticanus
841 1948 911 1994 gr.
951 1932 1018 1978 82
1069 1924 1163 1997 (=
1195 1925 1298 1995 Va)
1345 1946 1468 1980 saec,
1509 1931 1628 1979 XIV
1673 1931 1757 1978 101.
1802 1931 1913 1978 56⁷.

218 2005 479 2055 Correctus
506 2009 581 2054 est
606 2021 666 2054 ex
691 2006 790 2053 alio
809 2005 975 2054 codice
999 2021 1151 2052 manu
1176 2006 1401 2054 secunda.
1435 2005 1559 2053 Vide
1583 2007 1618 2053 t.
1636 2005 1661 2052 I
1684 2022 1732 2067 p.
1751 2006 1819 2052 48
1839 2020 1910 2066 sq.

220 2079 433 2129 Contuli.

330 2162 369 2209 Ε
405 2160 651 2209 communi
683 2161 819 2208 fonte
852 2161 1098 2208 fluxerunt
1130 2160 1227 2208 duo
1259 2161 1470 2209 codices:

332 2238 413 2284 11.
446 2234 767 2282 Parisinus
799 2251 869 2297 gr.
899 2235 1040 2283 3018
1076 2250 1198 2282 saec.
1223 2235 1315 2282 XV
1346 2236 1430 2283 fol.
1468 2237 1611 2283 176³&
1647 2234 1774 2283 Vide
1805 2237 1839 2281 t.
1865 2234 1911 2281 V

215 2327 262 2372 p.
292 2311 394 2358 173
415 2325 484 2370 sq.

218 2386 268 2431 et
331 2459 412 2506 12.
446 2457 894 2504 Laurentianus
918 2455 1060 2504 LVII
1086 2457 1153 2504 23
1181 2472 1304 2505 saec.
1330 2455 1449 2504 XIV
1480 2456 1562 2504 fol.
1593 2457 1736 2504 144V.
1783 2456 1909 2503 Vide

215 2533 251 2580 t.
277 2530 323 2575 V
354 2547 399 2592 p.
431 2533 532 2579 176
553 2545 623 2592 Sq.

326 2612 401 2658 Ex
433 2612 526 2658 hoc
557 2611 832 2672 descriptus
865 2614 940 2658 est

330 2687 412 2733 13.
444 2685 875 2733 Ambrosianus
900 2685 941 2731 Ε
971 2686 1036 2733 92
1065 2700 1167 2746 sup.
1195 2678 1324 2749 (301
1354 2685 1404 2731 in
1429 2685 1657 2747 catalogo
1681 2685 1908 2733 Martinii

217 2761 267 2806 et
297 2752 483 2824 Bassii)
516 2774 639 2806 saec.
665 2753 900 2821 XIVJXV
931 2758 1014 2805 fol.
1043 2759 1126 2805 88.
1174 2758 1300 2805 Vide
1332 2761 1366 2807 t.
1394 2758 1437 2804 V
1468 2775 1515 2819 p.
1545 2759 1647 2806 178
1669 2774 1738 2820 sq.

328 2839 367 2886 E
400 2840 671 2888 Bai-berino
703 2839 782 2887 vel
815 2839 918 2886 eius
951 2839 1087 2887 fonte
1120 2839 1392 2901 descriptus
1426 2843 1500 2887 est

331 2915 412 2961 14.
444 2912 894 2961 Escurialensis
928 2908 1170 2962 Τ-ΙΙ-15
1215 2907 1342 2979 (151
1386 2913 1438 2960 111
1478 2913 1705 2976 catalogo
1745 2913 1904 2961 Mille-
