2044 3168
175 1077 218 1109 10

174 1521 216 1554 15

175 1967 218 1999 20

245 117 354 169 344
690 115 957 174 [LIBANII]
987 115 1379 160 DECLAMATIO
1411 116 1490 159 XL

243 255 538 321 τιασαίμην
584 251 654 305 ἂν
702 253 750 305 εἰ
793 253 864 321 μὴ
911 248 1070 305 τοῦθ’
1120 252 1203 305 ὅτι
1249 253 1321 321 μὴ
1369 250 1504 321 κάμὲ
1543 254 1732 322 τρίτον
1767 266 1934 322 προσ-

245 341 478 411 έθηκαν,
524 337 596 394 ἵν’
644 335 793 410 εἶχον
839 341 898 394 τὸ
946 339 1131 410 μηκέτ’
1175 339 1366 409 ἀλγεῖν
1414 348 1514 393 τοῦ
1553 349 1725 394 κακοῦ
1763 339 1937 410 μηδὲν

245 432 650 500 αἰσθανόμενος
685 428 809 499 μηδ’
850 430 955 482 ὑπὸ
997 438 1099 483 σοῦ
1140 431 1205 483 τὰ
1237 437 1344 483 νῦν
1376 428 1458 483 ἐπ’
1499 429 1784 498 ἐκκλησίας
1822 429 1936 499 ἐρε-

244 520 623 589 σχελούμενος.
664 519 750 572 36.
780 515 850 587 ἦν
882 520 954 572 ἄν
986 539 1081 588 μοι
1112 521 1311 588 τρόπος
1341 518 1542 589 ἕτερος,
1574 521 1622 572 εἰ
1655 520 1937 587 δυσμενῶς

244 605 410 677 εἶχον,
450 609 540 662 καὶ
580 609 713 661 ὅλον
751 609 851 661 τὸν
887 610 1077 675 θυμὸν
1116 608 1427 678 ἀποπλῆσαι
1467 609 1556 662 καὶ
1595 608 1657 661 τὸ
1697 628 1936 677 καταφα-

243 699 342 766 νὴς
381 696 469 751 ἐπὶ
508 698 779 760 τοιούτοις
818 696 1082 765 γενέσθαι
1123 696 1500 765 φυλάξασθαι·
1542 697 1593 750 εἴ
1627 696 1697 767 με’
1731 718 1782 750 τι
1825 707 1937 751 τῶν

244 787 475 850 ἐκείνοις
529 789 853 857 προσόντων
907 783 1127 855 ἔθελγε,
1180 785 1307 854 παρ’
1371 785 1611 840 ἑκόντων
1665 781 1815 855 εἶχον
1866 786 1936 840 ἂν

242 876 618 945 κομισάμενος.
659 877 705 928 εἰ
747 871 807 928 δὲ
845 874 936 928 καὶ
974 876 1112 944 πρὸς
1150 876 1253 944 τὴν
1292 876 1452 928 δόσιν
1483 875 1767 944 ἀνένευον,
1807 875 1935 930 ἀλλ’

242 962 310 1034 ἧν
350 963 660 1034 ὑφελέσθαι
701 965 846 1037 δόλῳ
878 964 1418 1034 παρακρουσάμενον.
1461 970 1515 1017 εἴ
1547 963 1616 1033 μέ
1652 985 1704 1018 τι
1737 967 1935 1035 δυσμε-

242 1057 457 1108 ναίνειν
496 1055 574 1117 εἰς
608 1061 877 1107 τοσοῦτον
918 1053 1147 1116 ἐκείνοις
1182 1051 1422 1121 ἔπειθεν,
1461 1049 1531 1121 ἦν
1562 1053 1632 1106 ἂν
1674 1056 1804 1117 τοὺς
1835 1054 1936 1124 μὲν

242 1143 533 1213 ἀλλοτρίας
580 1145 747 1211 ἔργον
794 1141 1082 1211 γεγονέναι
1130 1144 1333 1212 χειρός,
1381 1140 1472 1209 ἐμὲ
1520 1142 1582 1195 δὲ
1628 1144 1689 1196 τὸ
1729 1145 1801 1213 μὴ
1842 1145 1935 1197 δο-

241 1243 360 1286 κεῖν
409 1232 624 1286 ἀδικεῖν
671 1230 1096 1300 ἀπενέγκασθαι.
1145 1234 1196 1284 εἰ
1241 1228 1301 1284 δὲ
1352 1230 1443 1285 καὶ
1484 1232 1794 1301 φαρμάκοις
1841 1232 1934 1286 ἀν-

241 1325 387 1375 ελεῖν
427 1321 770 1391 ἐπεχείρουν,
820 1331 978 1383 ποῖος
1026 1322 1095 1374 ἄν
1134 1340 1217 1383 τις
1255 1330 1367 1374 τῶν
1406 1320 1666 1374 ἁπάντων
1704 1319 1933 1392 ᾔσθετο;

240 1419 348 1464 νῦν
389 1410 437 1464 δ’
485 1411 611 1464 οὔτε
652 1419 982 1479 κακουργεῖν
1022 1411 1248 1479 εἱλόμην
1293 1411 1383 1463 καὶ
1431 1414 1629 1463 λαθεῖν
1668 1410 1769 1463 οὐκ
1810 1409 1934 1480 ἐμη-

240 1501 514 1569 χανώμην.

354 1590 440 1642 37.
488 1590 582 1651 Τίς
621 1584 725 1641 οὖν
763 1586 853 1640 καὶ
893 1596 1007 1650 πῶς
1047 1587 1075 1641 ὁ
1116 1597 1228 1641 τῶν
1272 1589 1486 1641 παίδων
1526 1590 1762 1658 ὄλεθρος
1802 1587 1934 1643 ε’κεῖ-

242 1698 338 1741 νος
376 1677 646 1746 ἐγίγνετο;
688 1681 843 1747 ζῆλος
881 1673 953 1745 ἦν
991 1673 1129 1744 ὑπὲρ
1170 1684 1268 1730 τοῦ
1301 1676 1498 1745 γένους
1529 1675 1934 1746 αἰσχυνομένου

242 1766 331 1821 καὶ
370 1769 552 1835 θυμὸς
592 1767 815 1829 δίκαιος.
857 1764 997 1834 ἀλλ’,
1038 1765 1211 1835 οἴμοι,
1259 1768 1348 1819 δεῖ
1391 1765 1494 1835 γάρ
1534 1786 1599 1835 με
1639 1767 1728 1819 καὶ
1767 1767 1934 1820 πάλιν

242 1855 607 1928 ἐπιτραγῳδεῖν
661 1856 721 1908 τὸ
776 1857 947 1908 κακὸν
1008 1856 1097 1908 καὶ
1157 1855 1327 1909 πάλιν
1389 1852 1557 1908 οὐδὲν
1616 1851 1783 1923 ἦττον
1842 1856 1933 1909 καὶ

241 1947 587 2008 πεπτωκότας
641 1946 706 1998 τὰ
761 1942 862 2014 μὲν
916 1945 1200 2014 αἰσχύνειν
1253 1943 1344 1998 καὶ
1398 1941 1580 2013 μηκέτ’
1641 1946 1804 2007 ὄντας
1861 1945 1933 2007 ὡς

240 2044 419 2097 κακῶς
473 2035 806 2104 δεδρακότας
857 2036 988 2096 τοὺς
1041 2035 1263 2102 παῖδας,
1310 2034 1375 2087 τὰ
1424 2032 1471 2087 δ’
1518 2034 1657 2103 ὑπὲρ
1706 2032 1933 2087 ἐκείνων

239 2121 331 2176 καὶ
377 2131 472 2192 τῆς
519 2122 746 2178 ἐκείνων
800 2125 999 2191 τόλμης
1053 2122 1223 2176 αὐτὸν
1278 2121 1743 2191 ἐγκαλύπτεσθαι,
1798 2120 1934 2193 ἔρως

242 2211 456 2266 ἐκεῖνον
493 2213 728 2281 ἠνώχλει
769 2211 1061 2280 χρημάτων
1107 2211 1196 2264 καὶ
1243 2218 1342 2264 τοῦ
1388 2211 1490 2278 μὲν
1535 2219 1631 2279 τῆς
1669 2211 1934 2279 γυναικὸς

240 2301 607 2370 ὑπερεφρόνει
663 2301 923 2367 κάλλους,
977 2307 1072 2369 τῆς
1127 2299 1187 2353 δὲ
1249 2301 1477 2369 προικὸς
1529 2303 1739 2369 μᾶλλον
1794 2302 1931 2369 ἥπερ

362 2436 414 2476 17
450 2431 505 2476 of.
538 2447 582 2488 p.
611 2436 711 2485 331,
732 2436 785 2474 17
804 2445 870 2486 sq.
902 2430 954 2475 Il.
987 2435 1013 2484 ζ
1041 2435 1126 2475 209

361 2555 383 2596 1
426 2550 541 2608 κάμὲ
575 2549 738 2606 scripsi
779 2563 803 2594 e
830 2550 1088 2595 MaOlViB
1102 2551 1168 2594 Va
1201 2549 1291 2593 coll
1322 2563 1365 2605 p.
1394 2553 1566 2603 365‚11
1646 2545 1749 2592 κατ’
1786 2545 1862 2604 ἐμὲ
1888 2550 1932 2593 L

241 2610 314 2659 Pa
348 2609 438 2652 edd
471 2609 552 2653 sed
585 2609 662 2652 καὶ
690 2609 765 2665 ἐμὲ
800 2609 904 2652 coni
929 2610 1031 2657 Mor
1061 2609 1186 2665 quod
1218 2608 1533 2665 probaverunt
1556 2608 1623 2652 Re
1656 2609 1703 2652 et
1728 2607 1931 2651 Sintenis

361 2673 385 2713 3
418 2666 527 2724 μηδ’
557 2668 723 2724 scripsi
783 2666 901 2725 μήθ’
936 2668 1045 2713 libri
1079 2669 1168 2712 edd
1197 2670 1202 2724 Ι
1230 2666 1320 2712 ὑπό
1352 2683 1435 2714 του
1460 2669 1586 2712 BVa
1613 2669 1619 2724 Ι
1646 2673 1791 2711 τανῦν
1822 2666 1933 2713 libri

242 2757 332 2800 edd
454 2762 480 2800 4
507 2755 721 2812 ἡμέτερος
739 2758 795 2801 Vi
915 2763 940 2800 5
968 2745 1137 2808 &232²§L
1251 2763 1275 2800 6
1300 2757 1535 2806 τούτοιςΒ
1649 2760 1676 2799 8
1701 2753 1931 2804 ἀπένευον

245 2816 583 2861 MaolViBVa
727 2822 751 2859 9
792 2817 1237 2873 παρακρουσάμενος
1271 2817 1328 2860 Vi
1479 2820 1533 2858 10
1575 2814 1621 2866 ἐς
1646 2816 1791 2859 MaOl

248 2879 301 2916 12
335 2876 519 2919 ἀδικεῖν
559 2890 633 2920 om
664 2876 731 2920 Re
877 2881 930 2920 17
971 2875 1145 2932 ἐγίνετο
1174 2876 1318 2920 MaGl
1459 2880 1511 2917 21
1553 2873 1611 2918 τά
1643 2871 1689 2919 δ’
1717 2876 1791 2924 Pa

250 2939 304 2983 22
339 2935 469 2996 „fort-
504 2940 584 2998 τῆς
615 2932 720 2985 κατ’
751 2933 940 2987 ἐκείνων
971 2933 1137 2998 τόλμης
1170 2935 1387 2999 (subaudi
1416 2934 1570 2996 έμῆς)“
1601 2933 1668 2981 Re
