2014 3158
190 117 300 170 516
628 116 856 160 LIBANII
887 115 1280 160 DEGLAMATIO
1313 115 1457 159 XLIV

187 250 362 321 μηδὲν
401 251 615 305 ἀδικεῖν
654 251 810 314 ἴσους
855 249 964 321 ἔχει
1012 251 1312 313 κινδύνους
1357 259 1432 324 τῷ
1477 252 1886 321 πονηρεύεσθαι

188 340 281 394 καὶ
327 342 718 409 παραπλησίως
763 340 871 394 ὑπὸ
919 341 1032 402 τὰς·
1060 341 1285 408 ψήφους
1331 340 1360 393 ὅ
1399 338 1444 392 τ’
1491 339 1888 403 ἐπιεικέστατος

187 431 279 483 καὶ
321 430 349 483 ὁ
382 431 723 500 μιαρώτατος
762 429 964 498 ἄγεται.
1004 428 1094 482 καὶ
1133 431 1359 491 πλείους
1396 448 1459 497 γε
1490 437 1602 481 τῶν
1635 439 1888 498 χρηστῶν

191 518 224 587 ἢ
263 529 373 572 τῶν
414 517 775 588 φαυλοτέρων
825 517 1177 571 ἀπόλλυνται.
1226 519 1277 571 οὶ
1317 515 1420 586 μὲν
1467 517 1571 587 γὰρ
1619 519 1729 586 ἅμα
1773 526 1889 580 τοῖς

146 628 167 662 5
193 607 528 676 ἀδικήμασιν
567 607 596 660 ὅ
635 626 687 659 τι
728 606 919 676 ἐροῦσι
958 616 1279 676 μεριμνῶσι,
1320 609 1450 669 τοὺς
1482 602 1543 659 δὲ
1574 606 1636 658 τὸ
1669 607 1888 659 πιστεύ-

193 716 275 749 ειν
321 705 436 758 τοῖς
482 686 840 764 βεβιωμένοις
900 695 1316 764 ἀπαρασκεύους
1380 695 1727 763 παραδίδωσι
1774 705 1889 757 τοῖς

191 789 453 854 μελετῶσι
486 784 681 853 λέγειν.
723 784 806 837 70.
840 778 921 846 οἷς
952 785 1123 853 ὑμεῖς,
1157 780 1199 836 ὦ
1232 784 1448 854 ἄνδρες,
1488 786 1751 852 ποιήσατε
1787 785 1890 852 τὴν

191 873 421 943 μελέτην
460 873 667 942 ταύτην
704 874 937 940 μάταιον
977 871 1068 926 καὶ
1099 873 1201 941 τὴν
1234 874 1523 940 δεινότητα
1556 872 1767 942 ἀσθενῆ
1799 872 1890 925 καὶ

192 967 294 1031 τὴν
325 962 723 1032 ἀναισχυντίαν
755 963 1018 1030 ἄκαρπον.
1058 962 1130 1024 ὡς
1161 969 1271 1015 νῦν
1303 981 1363 1029 γε
1396 962 1491 1024 τὰς
1524 963 1692 1024 ἄλλας
1723 961 1891 1030 ἀφέν-

129 1073 171 1106 10
193 1070 280 1113 τες
318 1049 574 1121 ἐργασίας
615 1049 677 1104 ἐν
723 1043 811 1113 αἶς
861 1052 913 1103 οἱ
961 1050 1236 1118 βέλτιστοι
1274 1060 1386 1103 τῶν
1424 1055 1667 1103 πολιτῶν
1705 1053 1891 1118 βιοῦσι

192 1146 532 1209 καρποῦνται
586 1140 652 1192 τὰ
708 1141 1030 1208 δικαστήρια
1082 1139 1176 1202 τὰς
1231 1140 1472 1207 γλώττας
1534 1137 1658 1191 ἀντὶ
1713 1137 1891 1207 ξιφῶν

194 1228 512 1291 ἀκονῶντες.
544 1226 717 1281 ἔδωκέ
743 1248 825 1290 τις
858 1231 1140 1298 φοβηθείς.
1175 1227 1545 1296 βέλτιστος,
1578 1227 1890 1296 ἐπιεικής,

195 1316 481 1371 ἐπαίνων
527 1316 720 1380 ἄξιος.
770 1317 871 1370 οὐκ
910 1315 1105 1385 ἠξιωσε
1143 1315 1418 1386 προέσθαι
1457 1314 1630 1385 μηδεν
1670 1316 1890 1369 ἀδικῶν.

194 1408 502 1476 πονηρός,
533 1407 953 1475 τυραννικός,
985 1405 1193 1458 πάντα
1225 1405 1502 1473 ἠδίκηκε.
1547 1405 1628 1457 71.
1655 1414 1765 1457 τῶν
1790 1401 1892 1457 οὖν

131 1516 172 1550 15
197 1496 529 1558 δικαζόντων
570 1493 794 1556 ε’καστος
831 1493 1129 1547 πιστευέτω
1170 1492 1372 1563 ταχέως
1405 1486 1482 1556 εἷς
1513 1502 1623 1546 τῶν
1656 1495 1892 1562 φευγόν-

108 1589 230 1634 RIV
247 1593 332 1632 499
380 1603 491 1636 των
524 1580 532 1655 l
567 1580 796 1636 ἔσεσθαι
849 1583 940 1635 καὶ
993 1584 1095 1651 τὴν
1150 1583 1322 1635 αὑτοῦ
1374 1590 1565 1651 ψῆφον
1610 1580 1734 1652 περὶ
1781 1591 1893 1634 τῶν

198 1674 380 1726 ἄλλων
418 1680 533 1734 τοῖς
573 1671 809 1741 ὕστερον
856 1673 1003 1744 αὑτῷ
1048 1673 1377 1725 δικάσουσιν
1424 1673 1502 1734 εἰς
1546 1671 1892 1741 παράδειγμα

197 1759 644 1830 καταλιμπανέτω
677 1762 960 1814 παιδεύων
990 1763 1064 1830 μὴ
1096 1764 1504 1831 προστίθεσθαι
1537 1760 1753 1821 τούτοις
1777 1767 1892 1821 τοῖς

319 1881 343 1920 6
377 1876 433 1919 cf.
469 1876 527 1919 ad
560 1892 603 1933 p
630 1881 806 1932 498,12
931 1882 983 1919 12
1018 1876 1074 1920 cf.
1108 1879 1141 1920 t.
1174 1876 1237 1919 IV
1263 1881 1332 1931 36,
1353 1880 1406 1919 14

322 1987 344 2023 1
359 1979 526 2084 Ιηγουν
559 1979 603 2024 οἱ
635 1980 694 2036 μὴ
729 1981 1002 2030 ἀδικοῦντες
1043 1979 1211 2036 ὁμοίως
1249 1987 1346 2030 τοῖς
1384 1986 1610 2036 πονηροῖς
1648 1978 1892 2022 κινδυνεύ-

201 2053 334 2084 ουσιν

880 2111 1217 2162 ἐπιεικέστατος

322 2177 347 2215 2
387 2187 434 2215 τε
467 2173 530 2216 Μ
537 2171 695 2215 VzGlB
709 2173 776 2215 Va
826 2174 831 2227 Ι
883 2173 1203 2229 σχετλιώτατος
1227 2173 1272 2216 Β
1349 2171 1670 2228 σχετλιώτατος
1704 2170 1894 2214 ViClVa

323 2236 347 2275 3
372 2232 658 2288 μιαρώτατος
682 2231 845 2287 scripsi
871 2245 895 2274 c
912 2233 970 2275 M
981 2232 1138 2276 ViGlB
1153 2233 1219 2275 Va
1282 2231 1600 2288 σχετλιώτατος
1617 2231 1659 2274 L
1684 2229 1775 2273 edd

204 2295 231 2334 4
262 2288 520 2335 ἀπόλννται
551 2290 610 2334 Vi
670 2289 975 2333 ἀπιστοῦνται
1002 2291 1117 2334 MOl
1128 2291 1194 2334 Va
1227 2291 1309 2333 sed
1340 2289 1389 2333 in
1421 2290 1509 2333 hoc
1533 2306 1587 2346 γρ
1614 2286 1895 2332 ἀπόλλυνται

202 2394 253 2436 in
283 2408 415 2449 marg
445 2393 515 2436 m²
574 2345 879 2437 ἀζῗέἐὲἴῖῗάι
904 2395 949 2437 Β
1071 2399 1096 2436 5
1130 2392 1450 2449 ἁμαρτήμασιν
1475 2393 1600 2436 BVa
1635 2395 1640 2447 Ι
1681 2407 1750 2435 οτι
1782 2390 1895 2435 ViGl

208 2453 214 2511 k
249 2459 311 2496 τῶ
338 2453 459 2496 BVa
536 2455 597 2510 τῷ
638 2451 711 2496 vel
750 2452 829 2495 διὰ
868 2452 918 2496 τὸ
962 2452 1066 2496 coni
1097 2452 1258 2496 Iacobs
1291 2452 1403 2494 Lech
1545 2455 1569 2493 6
1603 2451 1893 2505 ἀπαρασκευ-

205 2510 373 2562 άστους
397 2513 459 2555 Μ
466 2512 524 2555 Vi
643 2516 666 2554 7
701 2510 915 2555 δικασταί
939 2513 1064 2556 BVa
1096 2512 1151 2554 cf.
1187 2511 1246 2554 ad
1276 2526 1320 2567 p.
1348 2514 1449 2564 480,
1467 2514 1492 2553 8
1634 2514 1659 2552 8
1691 2507 1894 2566 ματαίαν

206 2571 252 2615 Β
285 2571 332 2613 et
364 2583 388 2613 e
419 2569 617 2626 μάταιον
650 2584 751 2614 corr
783 2571 852 2614 Va
975 2575 1029 2613 10
1064 2571 1111 2614 ἐν
1145 2570 1311 2626 scripsi
1345 2583 1447 2612 cum
1481 2569 1636 2612 Gasda
1661 2568 1752 2612 coll
1774 2571 1806 2611 b.
1831 2568 1895 2612 III

207 2633 308 2682 382,
329 2634 378 2672 11
454 2626 533 2684 ἐφ’
568 2629 676 2673 libri
708 2629 798 2672 edd
944 2635 995 2672 12
1029 2631 1255 2685 puncbum
1286 2630 1393 2685 pos’u
1425 2626 1656 2685 φοβηθείς
1686 2627 1821 2683 posui

208 2687 343 2731 colon
367 2689 428 2731 M
487 2701 665 2731 comma
688 2687 858 2743 reliqui
890 2687 998 2731 libri
1031 2688 1121 2731 edd
1244 2693 1296 2731 13
1320 2688 1553 2743 punctum
1578 2689 1684 2742 post
1717 2686 1894 2730 ἀδικῶν

207 2747 343 2802 posui
405 2761 585 2790 comma
615 2747 724 2791 libri
756 2747 845 2789 edd
970 2751 1022 2790 16
1055 2748 1198 2791 αὐτοῦ
1231 2748 1278 2790 ct
1308 2750 1359 2788 17
1395 2747 1517 2804 αὐτῷ
1545 2746 1653 2789 libri
1686 2745 1775 2788 edd

211 2810 264 2848 17
305 2804 657 2862 παραδείγματα
692 2805 793 2849 Mor
938 2810 991 2849 18
1030 2804 1409 2862 καταλιμπανέτω
1450 2804 1615 2860 scripsi
1647 2818 1671 2847 e
1698 2805 1757 2846 M
1767 2805 1822 2848 Vz

208 2863 518 2908 καταλειπέτω
549 2866 613 2909 Va
674 2862 959 2908 καταλιπέτω
978 2866 1023 2908 Β
1048 2865 1158 2908 Feri·
1181 2865 1248 2907 Re
1309 2861 1484 2908 λιπέτω
1499 2865 1542 2907 L
1566 2863 1647 2906 sed
1671 2880 1725 2920 γρ
1756 2879 1894 2906 κατα-

210 2921 467 2979 λιμπανέτω
499 2923 548 2966 in
579 2937 726 2980 marg,
754 2923 806 2966 01
836 2924 937 2966 Mor
