2014 3158
239 152 346 205 386
699 150 927 195 LIBANII
958 150 1348 196 DECLAMATIO
1381 151 1483 196 XLI

239 286 435 357 νηθεὶς
472 289 637 341 πόλιν
677 287 813 355 ὅλην
853 287 1042 358 ῥύεται
1081 289 1277 353 νόσους
1326 289 1623 357 ἄνθρωπος
1661 288 1928 359 ἄχρηστος

239 378 385 449 <τςό>
423 377 811 431 κινδυνεύοντι
848 375 1006 429 παιδὶ
1047 381 1244 444 λοιμοῦ
1282 378 1645 448 περιγίνεται;
1686 376 1786 431 οὐκ
1818 376 1927 430 ἐδε-

242 467 378 529 δίεις
417 466 489 535 μὴ
529 467 689 536 λάχῃ;
728 469 785 518 τί
820 461 924 519 οὖν
963 468 1225 535 λαχόντος
1263 465 1497 536 τρέμεις;
1538 464 1654 519 ἀλλ’
1702 465 1929 529 ἐδεδίεις

240 555 312 625 μὴ
353 556 513 626 λάχῃς
551 557 608 609 τί
643 551 746 609 οὖν
786 555 887 608 οὐκ
919 553 1121 617 ἐποίεις
1151 555 1224 624 μὴ
1257 559 1466 624 λαχεῖνς
1505 553 1621 609 ἀλλ’
1662 555 1728 609 οὐ
1761 568 1928 625 προσ-

197 645 527 712 ῡεδόκησαςς
589 651 696 697 ποῦ
752 646 945 698 τοίνυν
1001 643 1030 697 ὁ
1086 644 1399 713 θαυμάσιος
1453 644 1647 712 μάγος;
1717 644 1803 698 32.
1859 643 1928 698 ἐῶ

239 734 434 802 τᾶλλα,
474 731 592 786 ἀλλ’
638 734 832 802 ἔχομαί
868 748 970 786 σου
1009 741 1109 786 τοῦ
1147 734 1345 796 παιδὸς
1391 740 1497 787 νῦν
1537 732 1643 801 ἐγὼ
1682 733 1774 786 καὶ
1812 734 1930 786 οἵδε

241 822 440 885 πάντες
487 819 577 875 καὶ
623 822 792 875 θύειν
836 820 1121 891 μέλλομεν.
1169 823 1399 890 νίκῃσον
1449 821 1608 891 ἡμᾶς,
1657 822 1820 893 ῥῦσαι
1867 823 1929 876 τὸ

243 921 414 982 σῶμα,
453 919 564 964 τῶν
602 920 801 981 χειρῶν
841 910 1168 980 ἑξάρπασον,
1221 910 1498 980 ἀφάνισον
1543 911 1604 964 τὸ
1644 912 1931 982 μειράκιον

241 999 463 1070 νεφέλῃ,
502 1001 738 1068 ποίησον
776 999 915 1069 ἡμᾶς
956 1000 1143 1053 δοκεῖν
1175 1002 1319 1069 ἔχειν
1351 999 1523 1053 αὐτὸν
1555 1000 1656 1053 οὐκ
1691 997 1931 1069 ἔχοντας.

154 1094 376 1139 R1V734
423 1090 554 1160 ὁρᾷς
593 1087 666 1151 ὡς
705 1087 927 1156 ἀπορεῖς
964 1086 1054 1141 καὶ
1094 1086 1507 1158 ἐξελεγχόμενος
1540 1089 1547 1158 Ι
1583 1089 1683 1142 οὐκ
1721 1086 1862 1159 ἔχεις
1902 1089 1931 1141 ὅ

177 1202 217 1233 ιι
242 1198 294 1232 τι
326 1179 524 1249 χρήσῃς

355 1267 441 1321 33.
488 1268 625 1320 Τίνα
666 1268 732 1336 δὴ
772 1268 1143 1336 παρεχόμενος
1181 1274 1281 1320 τοῦ
1320 1267 1555 1320 παύσειν
1601 1268 1699 1320 τὸν
1737 1267 1934 1337 λοιμὸν

244 1355 526 1420 ἀπόδειξιν
580 1354 751 1420 ἀξιοῖς
799 1350 842 1428 ᾧ
887 1362 1211 1427 θαρροῦμεν
1265 1355 1503 1426 ἀφέντας
1557 1350 1641 1419 οἷς
1694 1357 1795 1410 οὐκ
1848 1353 1933 1410 ἔνι

245 1446 525 1499 πιστεύειν
556 1444 872 1512 ἀναμένειν;
913 1445 1036 1514 ὅτι,
1069 1448 1258 1514 φησίν,
1292 1447 1349 1498 εἰ
1384 1446 1465 1515 μὴ
1504 1447 1759 1516 σφόδρα
1797 1444 1936 1500 ἐπε-

181 1558 222 1590 15
245 1536 524 1605 πείσμην
564 1533 868 1604 ἀρκέσειν
906 1534 1066 1604 πρὸς
1104 1536 1173 1588 τὸ
1213 1536 1433 1604 ἔργον,
1477 1534 1594 1588 οὐκ
1633 1533 1709 1588 ἂν
1749 1534 1934 1604 ε’πηγ-

246 1625 583 1693 γελλόμην.
623 1624 685 1676 τί
721 1624 840 1692 γὰρ
881 1624 1116 1692 όφελος
1157 1619 1355 1686 αὖθις
1395 1621 1497 1676 ε’πὶ
1531 1624 1645 1692 τὴν
1677 1626 1935 1694 σφαγὴν

248 1711 575 1781 ἀγομένου
630 1719 742 1765 τοῦ
796 1713 1052 1777 παιδός;
1123 1711 1207 1765 34.
1254 1712 1317 1765 εν
1375 1719 1537 1766 τοῦτο
1591 1722 1835 1783 πρῶτον,
1892 1710 1934 1767 ὦ

246 1801 408 1870 μάγε,
463 1802 524 1854 τὸ
564 1802 635 1870 μὴ
692 1804 927 1871 τήμερον
975 1801 1145 1855 αὐτὸν
1199 1800 1591 1870 ἀποθνήσκειν.
1640 1803 1710 1855 σὺ
1751 1799 1823 1871 δ’,
1864 1803 1936 1865 ὡς
2013 1859 2014 1862 ,

249 1891 418 1958 εἰκός,
467 1892 705 1959 αἰτήσεις
750 1888 840 1943 καὶ
887 1891 988 1959 τὴν
1033 1888 1300 1943 ἐπιοῦσαν
1350 1889 1558 1959 ἡμέραν
1610 1889 1701 1944 καὶ
1747 1895 1937 1961 τρίτην

182 2001 226 2034 so
249 1977 339 2032 καὶ
378 1979 641 2050 τετάρτην
679 1977 769 2031 καὶ
810 1977 941 2032 δέκα
985 1977 1076 2032 καὶ
1124 1979 1209 2042 δὶς
1253 1980 1521 2042 τοσαύτας
1561 1980 1788 2049 φάσκων
1827 1990 1940 2034 τῶν

223 2054 329 2131 Ὗεῑς
366 2068 469 2137 τὴν
509 2073 658 2121 ἴασιν
696 2070 983 2137 φερόντων
1019 2075 1119 2121 τοῦ
1158 2065 1259 2138 μὲν
1299 2069 1572 2137 εὐπορεῖν,
1610 2077 1710 2122 τοῦ
1750 2067 1802 2121 δ’
1845 2069 1944 2122 οὔκ

251 2175 352 2226 πω,
390 2159 575 2226 μεῖζον
615 2153 676 2209 δὲ
717 2155 893 2210 ἐκεῖνο
939 2157 1001 2210 τὸ
1049 2160 1208 2227 μήπω
1249 2159 1592 2226 φαινόμενον
1644 2158 1938 2210 δύνασθαι.

371 2276 427 2315 20
458 2272 565 2316 Her.
590 2272 654 2315 IV
679 2276 734 2316 90

372 2380 398 2418 2
430 2379 493 2435 τῷ
519 2376 694 2420 inserui
755 2390 830 2420 om
856 2375 967 2421 libri
992 2376 1083 2421 edd
1109 2378 1115 2433 1
1143 2377 1278 2420 παιδὶ
1308 2376 1432 2421 inser
1455 2377 1578 2422 Par²
1698 2380 1722 2419 6
1754 2373 1796 2420 τ’
1825 2375 1939 2421 ἄλλα

254 2436 333 2492 B}
363 2421 475 2478 οἶδα
501 2435 687 2487 πάντως
709 2437 852 2481 PPar
884 2438 931 2480 et
962 2454 1016 2493 γρ
1047 2436 1096 2480 in
1127 2451 1261 2493 marg
1291 2436 1392 2479 Mor
1522 2441 1543 2480 7
1579 2435 1817 2493 ἐμέλλομεν
1841 2438 1940 2481 Par

373 2499 398 2538 9
433 2494 546 2539 αὐτὸ
572 2496 617 2540 Β
763 2499 817 2538 12
855 2495 1170 2553 παρεχόμενος
1194 2497 1293 2541 Par
1333 2495 1413 2539 sed
1454 2511 1505 2546 ος
1542 2495 1590 2539 in
1622 2509 1697 2538 ras
1730 2495 1799 2538 m²

258 2557 310 2596 13
342 2553 549 2608 ἀφέντας
579 2553 745 2610 scripsi
806 2553 1003 2610 ἀφέντες
1033 2554 1143 2598 libri
1175 2555 1266 2598 edd
1308 2556 1315 2610 Ι
1355 2554 1448 2598 ἔστι
1470 2556 1570 2599 Par
1691 2559 1743 2598 17
1777 2551 1938 2611 ἀγόμε-

255 2628 336 2663 νος
358 2614 404 2657 Β
431 2613 438 2669 Ι
466 2611 609 2663 αἰτεῖς
639 2614 747 2669 post
776 2620 961 2668 πρῶτον
994 2614 1153 2658 deesse
1185 2615 1342 2658 censet
1372 2613 1440 2656 Re
1470 2627 1736 2670 perperam,
1776 2615 1829 2656 ut
1859 2613 1939 2656 ob—

257 2671 457 2715 servavit
486 2671 723 2716 Iacobsius
755 2671 867 2716 Lech
1011 2677 1067 2716 20
1107 2671 1307 2728 δεκάτην
1330 2673 1376 2716 Β
1426 2673 1432 2729 Ι
1482 2670 1555 2723 δίς
1592 2671 1819 2723 τοσαύτας
1841 2673 1942 2716 Par

256 2730 338 2773 sed.
369 2728 442 2782 δίς
470 2746 521 2774 το
553 2730 603 2774 in
635 2743 709 2774 ras
740 2730 809 2774 m'
928 2736 982 2775 21
1017 2731 1082 2782 εἰς
1113 2746 1189 2776 om
1213 2732 1276 2776 M
1297 2732 1304 2787 Ι
1331 2730 1415 2787 τὴν
1447 2745 1521 2774 om
1545 2732 1710 2776 ParM
1746 2733 1753 2787 Ι
1801 2730 1942 2774 verba

256 2789 366 2832 inde
383 2804 410 2832 a
426 2789 508 2845 μὲν
524 2803 671 2845 usque
689 2789 749 2833 ad
767 2789 842 2846 ἐμὲ
859 2805 903 2846 p.
920 2794 1020 2845 389
1030 2791 1116 2834 20
1103 2806 1152 2834 ιιι
1171 2790 1231 2836 Or
1254 2790 1421 2833 abrasa
1449 2792 1455 2846 Ι
1483 2790 1693 2845 εὐπορῶν
1711 2790 1818 2834 Mos
1841 2789 1946 2833 Mor

258 2847 339 2891 sed
370 2847 419 2890 in
450 2848 538 2892 hoc
570 2865 623 2905 γρ
658 2849 874 2904 εὐπορεῖν
905 2849 954 2892 in
985 2863 1119 2906 marg
1166 2850 1174 2907 Ι
1223 2849 1275 2894 δὲ
1308 2848 1398 2892 edd
1527 2853 1582 2892 22
1616 2847 1774 2893 ἐκείνω
1798 2849 1942 2892 PPar

260 2906 430 2964 1„poet
460 2906 747 2963 φαινόμενον
776 2908 954 2953 videtur
994 2909 1147 2963 εὑρεῖν
1184 2909 1251 2953 vel
1288 2905 1575 2962 πορίσασθαι
1613 2909 1681 2953 vel
1711 2908 1799 2951 tale
1830 2906 1946 2962 quid

257 2966 427 3009 deesse·
461 2966 528 3009 Re
558 2979 815 3022 perperam,
848 2968 901 3010 ut
932 2967 1194 3011 observavit
1224 2966 1459 3010 Iacobsius
1491 2966 1604 3010 Lech
