2044 3168
283 146 391 199 342
728 145 994 205 [LIBANII]
1026 146 1418 191 DECLAMATIO
1450 147 1529 191 XL

282 278 424 336 εἶναι
462 282 601 352 πρὸς
639 290 733 352 τῆς
772 282 945 336 αὑτοῦ
993 280 1171 346 δεξιᾶς
1219 280 1547 352 ἀφελέσθαι;
1595 279 1710 337 εἶτα
1758 287 1827 338 σὺ
1874 282 1976 354 μὲν

282 370 403 425 οὐδ’
458 370 528 424 ἂν
573 379 674 425 τοῦ
727 372 929 435 παντὸς
982 372 1228 425 πλούτου
1281 373 1591 441 προδοῦναι
1644 373 1745 442 τὴν
1800 374 1974 442 φύσιν

280 459 593 529 κομπάζεις,
641 459 746 529 ἐγὼ
794 458 846 514 δ’
899 461 1042 514 οὕτω
1097 462 1460 530 σμικρολόγος
1512 462 1639 531 περὶ
1692 463 1757 515 τὰ
1804 470 1973 516 πᾶσιν

282 547 603 620 ἀνθρώποις
657 550 952 617 τιμιώτατα
1004 550 1095 603 καὶ
1150 549 1183 602 ἃ
1237 550 1509 619 βάρβαροι
1567 549 1658 604 καὶ
1720 553 1776 604 τί
1834 553 1970 619 λέγω

196 643 412 687 RIV595
458 639 755 709 βάρβαροι;
811 638 947 692 ἀλλὰ
982 639 988 707 Ι
1023 637 1113 693 καὶ
1167 645 1339 708 θῆρες
1392 640 1482 692 καὶ
1533 648 1644 693 πᾶν
1698 640 1834 693 ὅσον
1878 647 1974 709 τῆς

236 749 256 781 6
281 736 379 796 γῆς
434 727 773 797 ἀγριώτατον
826 731 1087 782 πλείστου
1143 737 1430 797 τιμῶνται,
1485 732 1695 798 μᾶλλον
1757 729 1819 782 δὲ
1870 737 1972 783 τοῦ

279 819 502 885 παντός,
541 819 637 870 καί
671 835 786 880 πως
818 816 1206 886 ἀποβαλόντες,
1247 819 1298 870 εἰ
1333 818 1507 886 τύχοι,
1547 818 1637 871 καὶ
1669 818 1764 881 τὰς
1796 819 1973 887 ψυχὰς

280 906 446 968 αὐτὰς
499 908 633 975 μετὰ
685 905 775 960 καὶ
831 914 932 960 τοῦ
988 910 1083 976 ζῆν
1137 905 1480 976 αὐθαιρέτως
1525 908 1971 977 καταπροΐενται;

280 995 365 1047 33.
406 993 522 1048 ἀλλ’
570 995 669 1065 οὐχ
718 995 893 1059 οὕτως
941 994 1047 1064 ἐγὼ
1093 1004 1194 1049 τοῦ
1240 1015 1297 1049 τε
1343 997 1563 1049 δικαίου
1602 994 1697 1048 καὶ·
1731 1006 1843 1049 τῶν
1882 998 1971 1049 νό-

213 1106 256 1138 10
278 1104 398 1153 μων
438 1083 696 1147 ἀξύνετος
735 1085 807 1147 ὡς
845 1086 918 1154 μὴ
957 1084 1204 1149 ξυνιδεῖν
1250 1084 1324 1148 ὡς
1369 1086 1658 1152 περιόντας
1696 1082 1797 1152 μὲν
1836 1082 1971 1138 ὲκεί-

277 1193 412 1236 νους
451 1172 542 1226 καὶ
581 1177 760 1237 καλῶς
797 1165 1261 1242 πολιτευομένους
1300 1172 1390 1227 καὶ
1429 1174 1596 1243 τύχης
1635 1169 1697 1227 εὐ
1736 1174 1971 1242 ἥκοντας

275 1262 474 1326 παῖδάς
512 1282 569 1316 τε
606 1271 928 1332 προσειπεῖν
976 1262 1075 1326 ἔξω
1122 1263 1213 1316 καὶ
1259 1264 1435 1334 πατὴρ
1484 1263 1649 1326 αὐτὸς
1697 1261 1789 1316 ὑπ’
1838 1261 1971 1316 ἑκεί-

276 1371 391 1404 νων
431 1351 687 1420 ἀκοῦσαι,
727 1360 891 1406 τοῦτο
933 1353 1000 1421 δὴ
1039 1353 1115 1405 τὸ,
1142 1362 1312 1405 πᾶσιν
1352 1351 1674 1421 ἀνθρώποις
1725 1352 1969 1406 εὐκταιό-

276 1460 466 1508 τατον,
512 1440 604 1494 καὶ
650 1443 716 1494 τὰ
763 1441 864 1509 μὲν
910 1451 1021 1494 τῶν
1066 1442 1393 1512 προσόντων
1442 1442 1778 1508 μεταδοῦναι
1817 1443 1968 1514 νόμω

212 1551 253 1584 15
278 1529 554 1599 πατέρων,
609 1531 674 1583 τὰ
721 1527 768 1583 δ’
824 1526 992 1594 αὖθις
1039 1531 1225 1600 αὐτός,
1278 1529 1512 1599 ὁπηνίκα
1557 1530 1646 1583 καὶ
1693 1529 1826 1583 ὅτου
1880 1531 1970 1583 καὶ

278 1618 412 1672 ὅσον
452 1620 678 1688 δεοίμην
717 1628 812 1689 τῆς
864 1619 1088 1674 ἐκείνων
1136 1619 1512 1689 εὐδαιμονίας,
1558 1617 1683 1689 παρ’
1732 1618 1970 1673 ἑκόντων

276 1714 606 1775 κομιεῖσθαι.
676 1709 759 1761 34.
802 1710 850 1762 εῑ
898 1707 964 1762 δ”
994 1708 1193 1762 ἐκεῖνοι
1248 1706 1350 1776 μὲν
1404 1709 1746 1778 οἰχήσονται,
1798 1709 1859 1762 τὸ
1910 1706 1970 1762 δὲ

278 1800 373 1866 ζῆν
411 1795 532 1866 ἐμοὶ
579 1797 882 1867 περιέσται,
931 1800 1263 1868 στερήσομαι
1300 1797 1402 1867 μὲν
1453 1797 1711 1850 ἁπάντων
1749 1796 1970 1851 ὁπόσων

277 1885 347 1939 ἂν
387 1885 710 1956 ἐχαρίσαντο
750 1887 1049 1956 περιόντες,
1088 1887 1149 1940 τὸ
1190 1883 1251 1940 δὲ
1289 1890 1579 1939 καλεῖσθαι
1618 1888 1794 1955 πατὴρ
1834 1887 1967 1954 μετὰ

211 1998 254 2030 20
278 1973 368 2028 καὶ
407 1984 519 2029 τῶν
559 1975 742 2028 ἄλλων
787 1974 1203 2043 προσαπολέσας
1251 1975 1461 2037 ἀθλίως
1507 1973 1597 2027 καὶ
1644 1975 1967 2042 κακοδαιμό-

276 2084 385 2126 νως
424 2065 709 2133 βιώσομαι.
763 2063 833 2133 ἢν
880 2062 944 2117 δέ
979 2083 1073 2132 μοι
1120 2064 1209 2117 καὶ
1249 2062 1282 2132 ἡ
1323 2064 1438 2134 χεὶρ
1486 2063 1760 2133 ἀθεμίτως
1797 2070 1967 2116 ταῦτα

276 2154 367 2206 καὶ
405 2154 476 2222 μὴ
516 2155 902 2222 προσηκόντως
934 2152 1256 2221 ξυνείσεται,
1296 2152 1329 2205 ἃ
1361 2160 1467 2206 νῦν
1499 2153 1758 2220 εὐλόγως,
1799 2146 1966 2221 οἶμαι,

426 2284 450 2312 σ

336 2315 442 2371 τιμή
470 2314 522 2359 Ol
548 2315 555 2370 Ι
584 2319 713 2370 „post
734 2312 947 2369 τιμήσαις
971 2311 1031 2358 ἂν
1059 2314 1202 2358 deesse
1226 2314 1404 2358 videtur
1428 2312 1560 2363 εἴτις
1591 2327 1638 2357 σε
1670 2313 1882 2371 βούλοιτο
1913 2312 1965 2357 τὸ

188 2415 191 2418 .
276 2373 427 2430 πατὴρ
462 2369 584 2417 εἶναι
613 2373 729 2427 πρὸς
759 2378 840 2429 τῆς
872 2379 1065 2418 σεαυτοῦ
1107 2373 1262 2426 δεξιᾶς
1301 2371 1589 2428 ἀφελέσθαι“
1621 2372 1688 2416 Re
1728 2371 1803 2415 eui
1841 2375 1966 2416 recte

277 2432 521 2476 oblocutus
554 2434 626 2475 est
657 2431 893 2475 Iacobsius
926 2433 1039 2476 Lech

396 2497 418 2535 1
453 2490 543 2546 πρὸ
572 2491 738 2535 ClViB
753 2492 818 2534 Va
868 2492 873 2547 Ι
924 2492 1067 2535 αὐτοῦ
1099 2490 1209 2535 libri
1241 2490 1331 2535 edd
1460 2495 1486 2533 3
1519 2487 1664 2542 οὕτως
1694 2487 1966 2547 μικρολόγος

280 2551 422 2595 MaCl
435 2552 490 2595 Vi
610 2554 637 2592 4
662 2551 739 2594 καὶ
751 2552 812 2607 (2)
830 2564 905 2593 om
923 2552 1048 2595 BVa
1075 2551 1081 2609 Ι
1109 2550 1188 2594 καὶ
1210 2548 1255 2594 τί
1278 2549 1390 2606 λέγω
1408 2549 1639 2607 βάρβαροι
1655 2563 1729 2592 om
1747 2549 1848 2593 Mor

277 2615 303 2653 8
337 2607 481 2660 αὐτὰς
513 2623 583 2653 om
621 2611 678 2654 Vi
725 2610 733 2666 Ι
782 2608 894 2665 μετὰ
926 2611 1004 2653 καὶ
1039 2617 1121 2653 τοῦ
1154 2609 1319 2666 scripsi
1351 2623 1376 2653 e
1403 2609 1742 2654 MaGlViBVa
1802 2608 1883 2652 καὶ
1913 2607 1964 2652 τὸ

277 2729 397 2772 LPa
421 2727 511 2770 edd
544 2727 600 2771 cf.
635 2728 693 2770 ad
726 2742 770 2783 p.
798 2732 941 2783 343‚4
1066 2732 1119 2771 10
1152 2727 1370 2778 ἀσύνετος
1396 2729 1484 2771 Ma
1519 2729 1524 2782 Ι
1560 2726 1619 2783 μὴ
1653 2741 1728 2770 om
1755 2727 1966 2771 MaOEVi

277 2788 402 2832 BVa
525 2791 577 2830 11
610 2786 909 2841 πολιτεύομαι
934 2787 991 2830 Vi
1018 2789 1024 2843 Ι
1051 2793 1131 2843 τῆς
1162 2788 1269 2830 ante
1302 2786 1441 2843 τύχης
1466 2787 1589 2830 BVa
1711 2790 1764 2828 12
1799 2785 1881 2839 ἔξω
1908 2785 1967 2829 Vi

397 2850 451 2890 13
483 2852 626 2890 πᾶσιν
652 2847 741 2890 Μα
773 2846 854 2889 sed
886 2853 993 2890 ἄσιν
1019 2860 1043 2890 e
1067 2848 1184 2901 90(‘?)
1211 2859 1312 2889 corr
1335 2845 1403 2887 m3
1525 2849 1579 2888 14
1612 2843 1770 2900 νόμοις
1790 2845 1846 2888 Vi

281 2909 333 2947 16
366 2902 664 2959 παρεκόντων
691 2906 743 2950 Ol
863 2910 916 2948 21
951 2905 991 2949 εἰ
1021 2905 1183 2951 Iacobs
1209 2905 1320 2951 Lech
1352 2906 1402 2951 ab
1430 2903 1486 2947 cf.
1512 2919 1557 2964 p.
1585 2908 1683 2958 319,
1707 2907 1758 2946 16
1777 2917 1843 2962 sq.

280 2969 335 3012 22
372 2962 631 3022 ξυνοίσεται
662 2964 773 3012 Fert
803 2963 904 3012 Mor
