2044 3168
822 593 1040 647 XXXV.

86 714 422 776 Πλούσιος
462 713 529 766 έν
569 717 731 786 λιμῷ
766 712 1048 783 θρέψειν
1087 713 1473 782 ὑπισχνεῖτο
1514 713 1630 781 τὴν
1667 714 1780 765 πό-

86 807 214 870 λιν,
262 804 317 856 εἰ
369 801 665 870 ἐκδιδοίη
721 803 835 856 τὸν
889 801 1132 872 ἐχθρὸν
1189 801 1374 873 αὐτῷ.
1430 802 1463 870 ἡ
1502 798 1619 869 μὲν
1666 801 1780 854 οὐκ

85 889 352 961 ἔδωκεν,
400 890 429 945 ὁ
470 889 538 944 δὲ
585 890 762 954 ἀξιοῖ
806 890 1176 944 ἀποθανεῖν
1221 891 1380 943 κατὰ
1426 891 1541 944 τὸν
1587 897 1780 943 τοῦτο

665 981 937 1033 διδόντα
977 982 1196 1047 νόμον.

201 1099 246 1152 1.
294 1102 380 1171 Τῷ
419 1096 521 1168 μὲν
554 1100 706 1170 δήμῳ
745 1100 920 1168 πολλὴ
954 1099 1127 1169 χάρις,
1160 1093 1201 1151 ὦ
1235 1101 1428 1167 βουλή,
1467 1096 1603 1168 μηδ’
1649 1102 1768 1147 RIV
1786 1108 1870 1146 227

85 1189 194 1242 ὑπὸ
250 1197 343 1257 τῆς
389 1189 672 1257 παρούσης
720 1196 1008 1258 συμφορᾶς
1054 1188 1436 1257 ἀμνημονῆσαι
1490 1186 1782 1256 βιασθέντι
1830 1209 1849 1241 6

85 1285 180 1346 τῆς
226 1275 356 1346 ἐμῆς
403 1279 480 1341 εἰς
526 1280 628 1345 τὴν
675 1279 841 1330 πόλιν
888 1279 1035 1343 παρὰ
1080 1277 1260 1330 πάντα
1308 1279 1406 1331 τὸν
1452 1279 1657 1348 χρόνον
1696 1277 1782 1330 εὐ-

85 1367 265 1434 νοίας,
317 1367 384 1420 οὐ
432 1368 536 1436 γὰρ
584 1364 802 1430 ἐδέξατο
854 1376 1011 1420 σῖτον
1058 1365 1141 1420 ἐπ’
1194 1365 1313 1436 ἐμοὶ
1361 1373 1461 1419 τοῦ
1509 1367 1782 1419 πλουσίου

14 1519 18 1523 ,
88 1457 367 1522 διδόντος,
415 1453 532 1508 ἀλλ’
581 1454 711 1508 ἐνὸν
758 1456 904 1528 αὐτῷ
947 1465 1103 1525 σῶμα
1149 1456 1211 1509 ἓν
1258 1454 1565 1525 προέμενον
1614 1455 1783 1524 ἀπηλ-

87 1545 292 1614 λάχθαι
332 1552 425 1613 τῆς
465 1545 761 1607 δυσκολίας
799 1548 1010 1614 μᾶλλον
1050 1545 1223 1598 εἵλετο
1262 1553 1461 1613 πεινῆν
1493 1543 1526 1612 ἦ
1557 1545 1786 1614 ποιῆσαί
1809 1566 1851 1598 ιο

86 1654 138 1686 τι
179 1642 290 1686 τῶν
330 1634 396 1687 οὐ
437 1638 640 1686 καλῶν·
689 1632 793 1700 ἐγὼ
836 1633 896 1686 δὲ
936 1634 1063 1687 οὔτε
1102 1636 1223 1687 τότε
1263 1633 1510 1704 ἀντερῶν
1549 1632 1786 1701 ἀνέστην
1880 1691 1882 1693 ,

15 1735 17 1737 ’
86 1730 160 1794 τῷ
201 1725 448 1795 πλουσίῳ
489 1724 667 1775 καίτοι
708 1725 906 1790 λόγους
944 1720 1086 1792 ἔχων
1133 1722 1451 1791 ἀφθόνους,
1498 1720 1615 1775 ἀλλ’
1663 1721 1785 1775 ἀνέ-

86 1830 259 1880 μενον
297 1814 610 1880 καθήμενος
642 1812 707 1864 τὰ
740 1797 971 1875 δόξοντα
1005 1817 1082 1883 τῷ
1117 1811 1272 1883 δήμῳ
1305 1810 1500 1881 φέρειν
1532 1809 1786 1880 ἐγνωκὼς

209 1971 269 2016 Or
300 1993 356 2007 =
383 1969 536 2016 Codex
566 1971 899 2028 palimpsestus
932 1971 1386 2029 Hierosolymitanus
1416 1971 1460 2016 S.
1486 1971 1645 2017 Crucis
1675 1976 1730 2016 57

207 2031 264 2074 Η
302 2053 358 2067 =
385 2030 839 2087 Hierosolymmanus
874 2031 916 2076 S.
952 2031 1167 2089 Sepulcri
1194 2037 1276 2076 107

218 2091 262 2135 V
301 2112 357 2127 =
382 2090 640 2134 Vaticanus
672 2106 740 2148 gr.
776 2095 862 2135 940

208 2150 255 2194 Β
302 2172 357 2186 =
384 2149 666 2194 Barberinus
690 2151 732 2194 H
755 2155 810 2194 41
846 2150 969 2207 (Vada.
1003 2150 1139 2195 Barb.
1166 2153 1269 2208 220)

211 2209 271 2252 M
303 2231 358 2246 =
384 2209 651 2254 Marcianus
683 2225 750 2266 gr.
775 2214 862 2253 439

217 2269 286 2313 Va
304 2290 359 2305 =
384 2268 641 2313 Vaticanus
674 2284 740 2326 gr.
768 2274 823 2313 82

211 2420 237 2460 5
268 2415 565 2474 πραγματική
590 2418 653 2461 Μ
709 2416 867 2474 μελέτη
899 2416 1196 2477 πραγματική
1227 2418 1319 2462 edd

211 2569 236 2608 2
270 2562 478 2620 ἐκδιδοίη
511 2564 676 2621 scripsi
709 2579 734 2608 c
766 2565 851 2609 VB
864 2566 932 2610 Va
1002 2564 1159 2624 ἐκδοίη
1186 2568 1250 2612 Μ
1276 2566 1368 2611 edd
1511 2571 1536 2610 3
1569 2565 1785 2622 ἀποθνή-

93 2638 218 2669 σκειν
244 2625 289 2669 Β
411 2622 441 2667 5'
470 2623 530 2680 μὴ
556 2622 599 2668 δ’
631 2625 757 2669 BVa
878 2629 903 2669 6
936 2622 1031 2670 ἀπὸ
1055 2626 1101 2668 Β
1224 2630 1247 2669 7
1280 2626 1385 2680 περὶ
1409 2627 1478 2671 Va
1599 2630 1624 2669 9
1658 2633 1785 2682 σῶμα

12 2731 13 2734 ,
94 2682 142 2728 ἓν
174 2697 249 2727 om
273 2684 319 2727 B
466 2688 518 2726 11
553 2681 775 2740 ἀντέστην
808 2685 852 2728 V
990 2689 1044 2728 12
1081 2682 1255 2743 καίτοι]
1287 2687 1367 2730 καὶ
1397 2686 1508 2737 τοὺς
1539 2685 1608 2729 Va
1677 2685 1787 2736 τοὺς

93 2743 139 2787 Β
181 2750 187 2792 Ι
229 2739 475 2793 πλουσίους
502 2743 561 2786 Μ
588 2741 690 2785 Mor
819 2747 874 2787 13
906 2741 1105 2796 δόξοντα
1137 2744 1303 2800 scripsi
1335 2743 1603 2788 auctoribus
1636 2743 1703 2787 Re
1738 2746 1786 2787 et

95 2800 267 2846 Cobeto
299 2800 399 2846 Coll
431 2805 516 2844 285
578 2801 782 2854 δόξαντα
811 2801 922 2845 libri
954 2802 1046 2845 edd
1081 2804 1128 2846 et
1160 2802 1374 2848 defendit
1403 2803 1640 2848 Iacobsius
1672 2803 1785 2846 Lect

96 2864 195 2915 100,
227 2858 388 2917 φέρειν
427 2873 534 2904 vero
564 2873 808 2917 perperam
848 2861 1202 2918 interpretabar:
1247 2863 1475 2920 „sedebam
1509 2867 1784 2918 exspectans,

95 2933 232 2982 qaam
260 2920 530 2964 sententiam
554 2920 729 2977 populo
754 2921 879 2974 ferre
899 2922 1175 2978 placui-§sest
