2020 3146
79 126 163 170 AD
194 123 694 170 ANTEGEDENTEM
725 124 1251 170 DECLAMATIONEM
1283 124 1615 170 ANTILOGIA
1667 125 1769 177 145

76 269 336 315 τοιοῦτον
374 261 696 331 ῥηθήσεται,
734 269 830 330 τῆς
868 258 930 314 δὲ
962 264 1246 331 συνεχείας
1277 270 1388 315 τῶν
1421 263 1602 329 λόγων
1636 260 1772 330 τάχα

76 338 384 419 καὶμέχρι
446 351 705 404 τοιούτου
765 357 1079 419 παρασῦραι
1135 350 1454 418 μελλούσης.
1525 349 1573 403 9.
1627 351 1773 418 πλὴν

77 436 266 525 ἐπειδὴ
305 438 467 508 κάμοὶ
507 438 690 507 λέγειν
730 437 942 508 ἐφεῖται
980 437 1072 491 καὶ
1110 439 1300 508 καιρὸς
1345 440 1450 507 ἤδη
1490 447 1590 491 τοῦ
1630 438 1769 507 ἀγῶ-

75 548 174 590 νος
212 527 494 596 γενέσθαι,
535 526 856 597 εὐξαίμην
836 529 907 581 αν
944 525 1117 596 ἡδέως
1148 528 1286 595 πρὸς
1318 528 1487 581 άλλον
1518 528 1658 595 τινά,
1698 530 1770 597 μὴ

75 617 214 685 πρὸς
259 624 483 684 τοῦτον,
531 613 678 670 εἷναί
719 637 812 685 μοι
861 616 960 684 τὴν
1006 617 1310 686 διαφοράν,
1359 611 1393 684 η
1433 617 1537 725 γὰρ
1585 637 1655 669 αν
1702 612 1773 684 ἧν
1819 636 1839 671 5

76 707 391 774 χρήσασθαι
438 716 554 768 τοῖς
600 703 839 773 ἐμαυτοῦ
895 704 1091 774 ἀδεῶς,
1146 703 1276 757 νυνὶ
1325 703 1376 757 δ’
1422 704 1630 774 ἀνάγκη
1678 714 1773 775 τῆς

77 793 363 861 δυνάμεως
410 793 605 848 ἑκόντα
651 793 995 863 καθυφιέναι
1041 792 1131 847 καὶ
1180 795 1479 863 φείδεσθαι
1525 804 1637 847 τῶν
1684 796 1773 847 λό-

77 903 215 952 γων,
270 879 350 936 ὧν
396 882 725 953 εἰρημένων,
782 883 856 946 ὡς
904 882 1142 950 ἐμαυτὸν
1186 887 1393 952 πείθω,
1448 883 1653 954 ῥαδίως
1703 883 1773 937 ἂν

74 970 282 1042 ὑπῆρξε
319 979 584 1041 κρατῆσαι
623 971 716 1025 καὶ
756 973 823 1026 οὐ
863 973 925 1025 τὸ
964 976 1226 1026 πλεῖστον
1264 981 1378 1025 τῶν
1416 975 1640 1042 ψήφων,
1677 974 1774 1036 τὰς

74 1062 252 1124 πάσας
314 1058 374 1114 δὲ
436 1061 640 1132 ῥαδίως
702 1061 1020 1130 ἀπολαβεῖν.
1084 1063 1420 1131 συμβήσεται
1476 1060 1527 1114 δ’
1586 1059 1772 1131 ἔμοιγε
1797 1082 1840 1116 ιο

76 1158 278 1203 τοῦτον
337 1147 619 1203 ἐνδιδόναι
673 1150 771 1203 τὸν
825 1152 1032 1217 τρόπον
1085 1150 1176 1202 καὶ
1230 1157 1326 1218 τῆς
1389 1150 1578 1219 ἰσχύος
1637 1150 1774 1205 ὑπο-

76 1242 268 1308 χαλᾶν,
309 1238 602 1308 ἐπειδήπερ
642 1239 806 1308 νίκην
850 1238 923 1307 ἣν
962 1240 1032 1291 ἄν
1071 1259 1153 1301 τις
1192 1237 1355 1308 φέροι
1395 1240 1531 1292 κατὰ
1568 1242 1774 1310 πατρὸς

74 1328 236 1396 ἥττης
297 1327 508 1396 ἁπάσης
561 1326 944 1396 χαλεπωτέραν
998 1325 1170 1396 ἔγωγε
1229 1331 1454 1394 τίθεμαι
1504 1327 1595 1382 καὶ
1650 1329 1774 1382 ἀνε-

75 1419 339 1486 κτότερον
379 1416 693 1485 ἡττώμενον
725 1414 838 1485 μετ’
879 1418 1145 1486 αἰσχύνης
1185 1416 1404 1470 ἀπιέναι
1444 1426 1555 1470 τῶν
1594 1413 1701 1478 ὧδε
1740 1418 1773 1488 ἢ

76 1506 422 1573 δικαιότερον
459 1507 744 1574 πεφηνότα
784 1514 899 1568 τοῖς
938 1508 1126 1574 λόγοις
1163 1513 1264 1559 τοῦ
1310 1508 1565 1569 τεκόντος
1607 1507 1773 1577 ὑπερ·
1798 1527 1840 1561 15

74 1602 312 1665 τερῆσαι.
374 1595 457 1647 10.
496 1595 586 1647 καὶ
626 1595 834 1663 ὥσπερ,
882 1594 934 1647 εἴ
977 1615 1060 1657 τις
1106 1592 1235 1648 καθ’
1283 1593 1484 1648 ἑαυτοῦ
1522 1592 1584 1648 ἔκ
1622 1615 1774 1659 τινος

74 1683 315 1752 ἀνάγκης
347 1682 584 1736 ἐποιεῖτο
616 1686 747 1746 τοὺς
778 1686 996 1752 λόγους,
1037 1684 1183 1746 εἰκὸς
1213 1679 1284 1752 ἧν
1314 1684 1381 1736 τὰ
1411 1686 1572 1750 μείζω
1605 1705 1774 1754 παρα-

74 1771 288 1842 τρέχειν
325 1770 417 1824 καὶ
455 1780 568 1825 τῶν
607 1770 907 1841 ἐπικαίρων
947 1774 1272 1842 φείδεσθαι,
1317 1772 1459 1826 οὕτω
1498 1772 1648 1842 κάγὼ
1672 1766 1773 1827 Υλέ-

77 1881 199 1929 γειν
238 1858 340 1929 μὲν
370 1861 698 1929 προάγομαι,
732 1861 954 1928 ἀμελεῖν
987 1860 1038 1913 δ’
1078 1861 1223 1928 ὅμως
1262 1858 1570 1930 ἐξεπίτηδες
1609 1862 1774 1931 ἀναγ-

78 1951 306 2018 κάζομαι
372 1958 471 2002 τοῦ
535 1949 918 2021 συμφέροντος
975 1950 1208 2023 ἐμαυτῷ,
1265 1948 1380 2003 ἐπεὶ
1438 1951 1613 2021 πατὴρ
1673 1949 1775 2021 μὲν
1798 1972 1842 2006 so

77 2034 263 2107 οὗτος,
318 2039 423 2091 κᾶν
475 2038 734 2107 μυριάκις
785 2046 882 2107 τῆς
936 2041 1112 2102 οἰκίας
1167 2039 1398 2110 ἐλαύνῃ,
1451 2038 1556 2093 κᾶν
1604 2041 1773 2110 διώκῃ

75 2126 214 2196 πέρα
249 2129 549 2196 Γαδείρων,
589 2128 711 2189 υἱὸς
744 2125 795 2180 δ’
835 2126 960 2195 ἐγώ,
999 2129 1090 2181 καὶ
1129 2127 1157 2181 ὁ
1192 2130 1391 2198 δεσμὸς
1429 2137 1524 2198 τῆς
1555 2132 1774 2196 φύσεως

76 2223 263 2286 κρατεῖ
300 2214 426 2285 παρ’
472 2216 604 2285 ἡμῖν
643 2217 748 2284 ἔτι,
795 2214 885 2268 καὶ
935 2215 1187 2286 ἀλλήλων
1236 2215 1478 2287 ἐχόμεθα
1516 2218 1606 2271 καὶ
1647 2231 1774 2270 συν-

77 2305 329 2373 δούμεθα
367 2303 458 2357 καὶ
498 2304 752 2374 ἀλλήλων
791 2303 971 2374 ἐσμέν,
1010 2305 1101 2359 καὶ
1139 2306 1240 2359 οὐκ
1274 2305 1390 2359 ἔσθ’
1432 2306 1578 2369 ὅπως
1614 2311 1774 2359 θατέ-

76 2413 181 2462 ρου
213 2394 495 2456 παθόντος
526 2394 598 2463 μὴ
631 2392 721 2446 καὶ
754 2394 890 2462 πρὸς
913 2395 1157 2465 θάτερον
1189 2397 1461 2463 διαβαίνει
1495 2396 1556 2447 τὸ
1590 2396 1772 2463 ἄλγος,
1797 2416 1839 2449 2⁵

76 2482 151 2544 ὡς
189 2479 303 2534 ἔστι
341 2481 473 2535 κάπὶ
512 2491 611 2536 τοῦ
652 2481 775 2545 ἑνὸς
813 2481 904 2536 καὶ
941 2482 1147 2536 ταύτοῦ
1183 2485 1431 2553 σώματος
1463 2486 1775 2551 συμβαῖνον

75 2569 236 2639 ὁρᾶν·
275 2569 491 2624 κάκεῖσε
530 2572 634 2641 γὰρ
675 2572 736 2624 ἓν
776 2571 1077 2625 ὁποιονοῦν
1118 2573 1165 2625 εἰ
1204 2572 1418 2642 πάσχον
1458 2571 1598 2640 ἐστί,
1638 2586 1770 2641 συμ-

198 2676 252 2714 27
285 2671 417 2715 Paul.
449 2684 520 2727 ep.
546 2671 606 2715 ad
639 2671 845 2717 Corinth.
870 2672 892 2715 Ι
917 2677 986 2727 12,
1005 2678 1060 2716 26

197 2765 222 2804 2
247 2760 619 2835 nocrothonLV
736 2765 761 2804 5
787 2758 815 2817 ἢ
835 2761 880 2805 V
994 2766 1048 2805 10
1077 2762 1128 2807 δὲ
1146 2761 1312 2818 scripsi
1330 2763 1467 2807 eLV
1524 2761 1572 2807 δ
1554 2776 1655 2837 ημ-

82 2822 137 2862 14
160 2818 420 2876 ἡττώμενον
438 2819 602 2876 scripsi
660 2819 1068 2888 ᾑττωμένῳΕῘΤρν
1158 2821 1389 2877 ττωμένου
1412 2779 1580 2866 Κυτί-,Ζη
1585 2824 1592 2878 Ι
1620 2816 1711 2864 ὦδε
1736 2820 1775 2863 V

200 2882 253 2922 15
285 2885 383 2930 τοῖς
406 2875 560 2936 λόγοις
583 2879 749 2935 scripsi
774 2893 800 2923 θ
817 2879 860 2922 L
871 2880 915 2923 V
968 2880 1077 2930 τοὺς
1105 2882 1130 2924 λ
1161 2896 1271 2937 ους
1281 2895 1343 2937 pr
1450 2884 1503 2924 19
1534 2879 1655 2936 ὁμῶς
1673 2880 1774 2936 Lpr

199 2941 255 2980 25
288 2935 543 3051 ι)“ιαβι>ιίνει,θ
553 2937 718 2994 scripsi
779 2939 1004 2997 διαβῆναι
1031 2939 1181 2995 LVpr

168 3019 241 3050 ΒΙΒ
219 3027 401 3052 nonnus
381 3019 513 3052 awo
553 3021 687 3052 ruste
704 3020 793 3052 VII.
1362 3015 1416 3055 10
