2014 3158
2 2746 6 2750 ⁴
0 2383 15 2731 mw›w·n
0 2086 14 2370 ν-ιυμνν-υψτπε-τπ
0 2038 2 2058 *-

639 130 813 175 CAECI
844 129 985 174 FILII
1014 128 1320 175 APOLOGIA
1723 132 1827 184 677

137 288 241 335 ρου
278 267 484 330 παντὸς
514 264 823 336 ἐφιεμένης,
863 265 1302 336 δυσμενέστερον
1342 266 1403 320 δὲ
1441 266 1531 319 καὶ
1564 267 1702 335 πρὸς
1733 268 1833 320 τὸν

137 357 317 426 ἄνδρα
362 355 734 425 διακειμένης,
781 356 865 409 ὅτι
911 362 1013 410 τοῦ
1060 357 1260 419 παιδὸς
1306 354 1478 426 ἑώρας
1526 358 1834 425 κηδόμενον

135 444 226 498 καὶ
266 446 331 509 ἃς
367 441 496 498 καθ’
541 445 698 514 ἡμῶν
737 444 935 507 ἐκίνεις
975 443 1274 512 ἐπιβουλὰς
1317 444 1624 514 ἀνονήτους
1661 463 1830 515 παρα-

137 534 469 598 σκευάζοντα
506 532 616 587 καὶΔ
636 535 859 603 φύλακοι
898 534 1196 597 διαπαντὸς
1235 533 1504 603 ἀήττητον
1549 535 1642 587 καὶ
1692 537 1835 606 γήρᾳ

135 621 238 693 μὲν
289 624 396 692 ἤδη
452 622 907 692 κατειλημμένον,
961 623 1474 691 παιδοποιήσασθαι
1529 620 1591 676 δὲ
1642 623 1832 691 μηκέτι
1880 647 1901 680 5

137 713 465 782 δυνάμενον.
505 710 592 765 53.
630 720 802 764 ταῦτα
841 709 919 778 σε’,
959 711 1147 780 πάτερ,
1186 721 1363 775 κακῶς
1394 711 1761 781 ἀπολώλεκεν,
1799 714 1832 782 ἡ

136 803 311 870 πολλὴ
342 802 468 871 περὶ
497 801 638 870 ἡμᾶς
669 801 876 869 εὔνοια,
914 802 976 855 τὸ
1016 809 1112 869 τῆς
1142 802 1470 869 κηδεμονίας
1508 802 1666 871 ἡμῶν
1704 801 1836 855 ἀνυ-

137 890 470 960 πέρβλητον,
524 890 557 959 ἡ
612 898 707 960 τῆς
760 891 1023 958 γυναικὸς
1068 900 1181 944 τῶν
1226 877 1518 960 χρημάτων
1565 890 1835 958 ἐπιθυμία

139 978 213 1033 δι’
256 980 327 1049 ἣν
372 978 464 1032 καὶ
509 980 678 1033 πάλαι
724 980 826 1046 μὲν
872 978 1005 1047 ἡμῖν
1050 977 1407 1048 ἐπεβούλευε,
1460 987 1569 1034 νῦν
1623 980 1685 1033 δὲ
1734 981 1836 1048 τὴν

139 1068 439 1138 ἀνήκεστον
478 1069 685 1138 ταύτην
723 1068 1026 1137 ἐπιβουλὴν
1066 1068 1289 1139 ἀθρόως
1327 1067 1605 1138 ἐπήνεγκε.
1860 1091 1904 1124 ιο

250 1157 336 1211 54.
377 1161 613 1211 Καίτοι
665 1161 732 1211 τί
781 1156 1180 1227 βουλομένη,
1235 1162 1434 1227 φησίν,
1488 1157 1836 1212 ἀπέκτεινα

138 1254 252 1302 τοῦ
298 1249 543 1318 κλήρου
590 1250 786 1316 κυρία
841 1246 1187 1316 γενομένης
1241 1249 1344 1316 τὴν
1390 1255 1584 1316 κτῆσιν
1633 1247 1835 1302 τούτου

139 1335 498 1406 βεβαιοτέραν
528 1335 619 1389 καὶ
652 1335 1065 1406 ἀσφαλέστερον
1098 1335 1242 1390 ἑλεῖν
1271 1338 1374 1406 τὴν
1404 1346 1517 1390 τῶν
1547 1337 1838 1407 χρημάτων

141 1426 466 1495 περιουσίαν
502 1424 595 1478 καὶ
634 1427 907 1494 μηδεμιάν
945 1426 1182 1495 ὕστερον
1221 1433 1321 1480 τοῦ
1354 1427 1558 1493 πατρὸς
1594 1425 1837 1479 δεδιέναι

139 1517 463 1583 μεταβολήν.
514 1513 667 1584 ᾔδεις
712 1516 844 1585 γάρ,
898 1513 1052 1584 ᾔδεις
1087 1513 1093 1587 Ι
1127 1517 1230 1585 τὴν
1277 1514 1493 1569 ἐκείνου
1541 1515 1659 1568 διοί-
1705 1519 1926 1565 RIV758

140 1624 302 1656 νοιαν
347 1602 438 1656 καὶ
488 1604 589 1672 τὴν
633 1603 759 1674 περὶ
798 1605 936 1673 ἡμᾶς
977 1605 1202 1659 εὔνοιαν
1242 1605 1341 1673 ὅση
1377 1624 1460 1667 τις
1497 1599 1568 1672 ἦν
1615 1601 1710 1672 ἀφ’
1758 1599 1838 1657 ὧν
1864 1627 1906 1659 16

142 1706 231 1745 σοι
269 1692 533 1755 πολλάκις
570 1689 708 1762 ὑπὲρ
749 1691 904 1761 ἡμῶν
945 1694 1365 1761 συνεβούλευεν,
1410 1691 1504 1762 ἀφ’
1553 1689 1632 1746 ὧν
1671 1698 1838 1761 θερα-

140 1782 331 1834 πεύειν
383 1780 542 1849 ἠξίου
594 1780 686 1835 καὶ
739 1789 840 1835 τοῦ
894 1779 996 1851 μὲν
1048 1781 1430 1850 ἐπιβουλεύειν
1477 1782 1838 1851 ἀφίστασθαι,

141 1871 345 1940 μητρὸς
385 1867 446 1923 δὲ
484 1874 696 1939 μᾶλλον
735 1871 768 1940 ἢ
799 1879 1068 1941 μητρυιᾶς
1100 1869 1470 1924 ἐπιδεικνύειν
1501 1874 1839 1939 προαίρεσιν.

144 1959 228 2012 55.
276 1961 492 2022 τούτοις
543 1962 856 2029 τεκμηρίοις
910 1957 1160 2030 χρωμένη
1216 1961 1317 2029 τὴν
1367 1961 1645 2029 διαθήκην
1691 1958 1839 2012 ὑπώ-
1864 1981 1908 2014 2⁰

265 2140 289 2178 6
330 2134 604 2191 ἀποστροφή
628 2137 727 2180 ΗΒ
873 2141 924 2179 11
967 2135 996 2192 ἡ
1031 2136 1163 2190 ἑτέρα
1195 2137 1414 2195 βούλησις
1439 2135 1700 2181 MrubrMa³

147 2200 200 2238 12
234 2193 505 2253 ἐπιχείρημα
537 2195 630 2239 ἀπὸ
662 2202 744 2252 τῆς
776 2193 928 2246 αἰτίας
955 2195 1165 2240 MmMa⁸

268 2363 290 2402 1
324 2359 406 2403 καὶ
437 2372 512 2403 om
539 2360 602 2403 M
740 2363 765 2401 2
806 2358 951 2414 ἑώρας
980 2359 1068 2403 Ma
1100 2359 1182 2403 sed
1214 2376 1271 2409 ας
1301 2358 1350 2401 in
1380 2373 1456 2402 ras
1488 2357 1558 2401 m⁸
1633 2358 1841 2411 ἑώρακας

145 2418 296 2463 Athcl
417 2422 442 2461 3
474 2418 596 2475 ἡμᾶς
626 2418 696 2462 Va
728 2418 810 2462 sed
842 2426 906 2462 ῶν
942 2432 1084 2475 supra.
1116 2425 1172 2469 ἃς
1206 2418 1273 2461 m²
1393 2422 1419 2460 5
1452 2418 1532 2461 καὶ
1565 2417 1838 2473 ἀποστροφῇ

147 2481 256 2521 ante
280 2475 640 2533 κατειλημμένον
664 2478 775 2522 ΒΜ
795 2478 901 2531 edd,
926 2478 1204 2535 ἀποστροφῇ
1230 2479 1300 2522 Va
1362 2476 1513 2520 delevi
1537 2478 1590 2519 ut
1614 2490 1639 2520 e
1663 2475 1840 2519 scholio

147 2536 362 2592 sequenti
386 2539 541 2579 ortum
661 2540 687 2578 6
717 2535 864 2580 ταυτοὶ
890 2552 937 2581 σε
955 2538 1011 2581 Η
1127 2547 1152 2579 ὅ
1178 2535 1427 2595 χρημάτων
1446 2536 1504 2579 Vi
1527 2535 1608 2578 sed
1632 2541 1840 2592 χρηστῶν

147 2595 198 2638 in
221 2609 356 2648 marg
378 2594 449 2638 m'
580 2599 606 2639 9
639 2594 690 2639 ὲν
720 2595 831 2652 ἡμῖν
856 2595 905 2639 in
929 2610 1005 2639 ras
1039 2595 1130 2640 Va²
1157 2600 1162 2651 Ι
1190 2597 1301 2654 ἡμῖν
1326 2609 1399 2638 om
1422 2595 1480 2637 M
1505 2596 1511 2651 1
1540 2594 1840 2652 ἐπεβούλευεν

149 2655 259 2710 ἡμῖν
292 2655 350 2699 Vi
397 2656 405 2710 Ι
454 2654 753 2712 ἐπεβούλευσε
774 2655 881 2700 HV
911 2658 918 2712 Ι
960 2663 1048 2700 νῦν
1080 2655 1148 2714 δὲ]
1176 2656 1254 2699 καὶ
1288 2661 1374 2699 νῦν
1403 2654 1458 2697 Vi
1580 2658 1634 2696 10
1659 2651 1842 2707 ἀθρόον

149 2715 244 2758 Ath
270 2715 276 2770 Ι
304 2712 556 2769 ἐπήνεγκεν
580 2714 671 2757 Μα
792 2719 845 2757 11
880 2712 1067 2772 Καίτοι]
1101 2715 1179 2758 καὶ
1214 2716 1271 2759 Vi
1400 2717 1460 2755 12Υ
1486 2710 1764 2768 γεγενημένη
1789 2712 1846 2755 Η

157 2774 202 2817 V
341 2776 395 2815 13
432 2778 558 2829 „post
588 2772 891 2830 βεβαιοτέραν
922 2775 1102 2818 videtur
1133 2776 1276 2818 deesse
1307 2775 1549 2816 ποιεῖσθαι
1580 2773 1666 2815 tibi
1694 2773 1843 2826 facere

147 2833 243 2876 scil.
262 2830 543 2889 βουλομένη“
564 2831 633 2875 Re
659 2835 667 2888 Ι
693 2833 773 2876 καὶ
797 2846 871 2883 om
889 2833 946 2876 H
951 2831 1280 2877 VMaCzAthB
1293 2833 1360 2876 Va
1387 2833 1394 2887 Ι
1422 2829 1768 2885 ἀσφαλεστέραν
1785 2830 1843 2874 Vi

155 2891 159 2943 Ι
199 2891 381 2942 „malim
407 2890 552 2947 ἔχειν’*
579 2890 647 2933 Re
770 2895 824 2934 14
849 2890 910 2948 μὴ
936 2890 987 2936 δὲ
1011 2890 1193 2947 μίανΗ
1249 2890 1308 2946 μὴ
1334 2887 1446 2947 μίαν
1470 2891 1532 2934 Μ
1651 2893 1703 2932 17
1727 2889 1842 2944 Δπερὶ

160 2950 218 2993 Vi
267 2953 272 3006 Ι
326 2950 682 3008 συνεβούλευσεν
707 2950 759 2993 Η
769 2950 812 2994 V
935 2954 990 2994 20
1021 2950 1190 2994 τούτου
1224 2951 1280 2995 Vi
1306 2953 1313 3005 Ι
1340 2948 1577 3006 χρωμένης
1608 2949 1666 2994 Vi
