2014 3158
236 103 345 155 462
646 101 912 160 [LIBANII]
945 102 1025 145 DE
1031 101 1338 146 CLAMATIO
1371 102 1514 146 XLHI

236 240 545 308 λύσομεν;
591 237 681 291 καὶ
728 238 873 307 μάλα
921 239 1171 306 δικαίως,
1221 238 1304 290 ὅτι
1349 236 1440 290 καὶ
1488 236 1558 290 δι’
1605 239 1743 306 ἡμᾶς
1790 239 1928 307 αὕτη

233 330 419 399 πολλῷ
450 329 723 396 πρότερον
762 326 830 379 οὐ
870 326 1324 396 παρεγγράπτους
1354 329 1579 396 νόμους,
1619 325 1735 380 ἀλλ’
1777 328 1927 397 ἰσχυ-

235 418 369 486 ροὺς
407 422 482 487 τῷ
523 418 642 469 ὄντι
688 414 779 468 καὶ
826 417 1034 484 νόμους
1081 414 1178 477 οὓς
1224 415 1325 484 οὐχ
1365 414 1395 468 ὁ
1435 417 1590 468 δεῖνα
1628 414 1661 484 ἢ
1703 415 1731 469 ὁ
1773 417 1930 469 δεῖνα

233 514 346 557 τῶν
391 508 659 572 πολιτῶν,
707 502 823 557 ἀλλ’
872 505 903 572 ἡ
951 505 1122 572 φύσις
1169 504 1305 572 αὐτὴ
1357 505 1493 556 κατὰ
1538 502 1703 572 μέσης
1749 503 1926 558 ἐνεκό-

190 615 209 646 5
235 597 374 657 λαψε
405 601 499 662 τῆς
531 601 723 662 ψυχῆς.
767 592 854 646 50.
893 591 1275 655 καὶ“παῑδας
1314 593 1648 660 τυράννου
1687 594 1929 663 πατρὸς

234 681 329 752 ἐφ’
376 680 562 753 ἑτέρᾳ
599 683 948 751 τυραννίδι
989 680 1505 750 διαφυλάξομεν;
1545 683 1601 734 τί
1637 680 1686 733 δ’
1732 682 1928 734 αὐτίκα

232 773 666 840 τυραννήσουσι;
706 773 761 823 τί
799 769 846 823 δ’
894 771 1090 823 αὐτίκα
1128 771 1585 839 περιεργάσονται
1626 770 1726 838 τὴν
1766 770 1926 840 ἀκρό-

231 865 420 924 πολιν;
451 862 613 923 πόσοι
643 860 954 928 δημοτικῶν
975 860 1168 922 παῖδες
1198 860 1333 912 κατὰ
1366 860 1732 928 δημοκρατίας
1763 859 1926 912 ὡπλί-

235 963 420 1018 σαντο,
468 951 630 1002 πόσοι
668 958 920 1019 χρηστῶν
958 947 1209 1019 πατέρων
1249 949 1403 1010 ὄντες
1439 946 1596 1000 αὐτοὶ
1635 950 1766 1010 τοὺς
1803 950 1927 1018 τρό-

168 1060 209 1091 10
232 1057 373 1101 πους
411 1040 688 1107 πεφήνασι
726 1038 1006 1107 χείριστοι.
1046 1039 1095 1090 εἰ
1135 1034 1195 1090 δὲ
1243 1044 1406 1089 τοῦτο
1455 1037 1646 1104 δίδως,
1693 1035 1784 1089 καὶ
1822 1038 1926 1090 θά-

231 1147 394 1198 τερον
433 1126 871 1196 προσεπέδωκας,
904 1127 976 1189 ὡς
1016 1129 1235 1180 ἔσονται
1274 1124 1366 1178 καὶ
1400 1126 1680 1194 τυράννου
1720 1127 1927 1194 πατρὸς

230 1217 424 1279 παῖδες
464 1217 904 1286 δημοτικώτεροι.
969 1215 1054 1268 51.
1093 1218 1174 1284 μή
1212 1235 1320 1283 μοι
1361 1215 1474 1267 τὸν
1511 1216 1716 1283 νόμον
1756 1212 1817 1277 ἐς
1854 1216 1923 1268 τὸ

231 1302 545 1367 παντελὲς
598 1304 864 1374 ἀφαίρει
917 1312 1031 1357 τοῦ
1081 1304 1567 1357 πολιτεύεσθαι.
1623 1301 1741 1355 ἀλλ’
1794 1302 1925 1371 ὁπη-

231 1394 357 1447 νίκα
395 1395 569 1464 μήτηρ
610 1395 838 1447 αἰτεῖται
877 1396 1006 1456 τοὺς
1044 1394 1260 1461 παῖδας,
1299 1395 1559 1462 περίσωζε
1598 1390 1688 1444 καὶ
1727 1393 1924 1445 καινόν

169 1504 207 1536 15
231 1503 356 1536 τινα
417 1485 623 1552 τρόπον
685 1481 775 1535 καὶ
838 1491 1104 1550 γυναῖκας
1167 1480 1282 1534 κατ’
1352 1481 1575 1550 ἀνδρῶν
1633 1479 1926 1549 τυράννων

233 1572 429 1636 ὅπλιζε.
469 1579 633 1624 τοῦτο
675 1570 920 1634 ἐκείνους
959 1569 1061 1639 μὲν
1099 1573 1351 1640 φοβήσει,
1391 1572 1487 1633 τὰς
1527 1568 1575 1622 δ’
1623 1569 1690 1622 οὐ
1729 1570 1795 1621 τὰ
1833 1568 1924 1637 μέ-

231 1680 355 1728 τρια
386 1661 525 1729 πρὸς
556 1661 657 1729 τὴν
688 1661 893 1729 τόλμαν
926 1659 1226 1728 ἐφέλξεται,
1267 1661 1313 1712 εἰ
1346 1657 1436 1712 καὶ
1469 1660 1681 1712 τούτων
1715 1676 1924 1711 πεπτω-

231 1750 407 1801 κότων
448 1747 563 1801 ἀλλ’
604 1749 671 1802 οὐ
711 1749 839 1811 τούς
880 1768 941 1816 γε
978 1749 1179 1811 παῖδας
1214 1747 1742 1817 προσαπολέσουσιν.
1783 1748 1831 1799 εἰ
1864 1744 1924 1799 δ’

233 1837 299 1890 οὐ
353 1839 545 1907 μήτηρ,
598 1837 665 1890 οὐ
710 1839 906 1907 πατήρ,
962 1837 1065 1890 οὐκ
1112 1839 1276 1899 ἄλλος
1322 1857 1404 1899 τις
1450 1845 1562 1888 τῶν
1608 1834 1667 1888 ἐκ
1708 1834 1921 1904 γένους,

169 1950 210 1981 20
235 1926 294 1979 τὸ
357 1933 655 1994 τηνικαῦτα
724 1927 784 1979 τὸ
854 1934 966 1979 πᾶν
1034 1934 1128 1994 τῆς
1192 1926 1380 1994 ἰσχύος
1435 1925 1463 1978 ὁ
1527 1926 1695 1993 νόμος
1761 1922 1921 1992 ἐχέτω

351 2078 376 2115 2
411 2073 467 2116 cf.
502 2073 562 2116 ad
594 2074 626 2116 b.
652 2072 715 2116 VI
742 2077 915 2126 163,15
1053 2075 1077 2114 9
1112 2069 1195 2115 Od.
1222 2072 1251 2129 β
1274 2075 1357 2113 276
1377 2085 1443 2126 sq.
1583 2074 1637 2113 20
1670 2069 1788 2114 Plab.
1822 2068 1920 2112 Alc.

230 2132 272 2175 Π
303 2147 347 2188 p.
376 2136 460 2175 150
479 2132 514 2174 E

354 2271 374 2308 1
410 2264 595 2322 signum
626 2263 1006 2320 interrogationis
1038 2263 1175 2319 posui
1208 2278 1230 2306 e
1257 2264 1347 2307 Ma
1378 2264 1425 2306 et
1449 2263 1548 2305 Par
1572 2264 1693 2305 3017
1717 2275 1821 2304 cum
1848 2260 1921 2304 Ia·-

232 2324 388 2367 cobsio
422 2325 526 2380 App
559 2324 670 2366 Pors
697 2327 781 2365 298
816 2322 955 2366 Schul
987 2322 1147 2366 Basbio
1182 2321 1354 2366 Comm.
1384 2321 1476 2377 pal.
1512 2320 1663 2377 (Greg.
1691 2319 1789 2364 Cor.
1816 2321 1920 2376 804)

232 2382 405 2427 Cobeto
431 2382 530 2427 Coll
551 2387 632 2426 119
697 2396 877 2425 comma
898 2382 949 2427 ΟΖ
1009 2396 1083 2425 om
1116 2382 1284 2425 VatMo
1310 2381 1377 2424 Re
1404 2386 1409 2437 Ι
1439 2381 1488 2423 δὲ
1516 2381 1624 2422 ante
1647 2379 1726 2422 καὶ
1745 2379 1829 2422 Mo
1853 2379 1920 2421 Re

292 2442 442 2487 delevi
502 2441 696 2497 λύσομεν
728 2440 799 2494 δή.
835 2440 1037 2484 Sintenis
1099 2441 1293 2496 λύσομεν
1326 2438 1377 2483 δὲ
1404 2439 1516 2496 (sive
1540 2438 1614 2495 δὴ)
1648 2439 1726 2481 καὶ
1756 2437 1918 2481 Iacobs

230 2501 278 2545 11.
305 2501 353 2545 11.
382 2502 388 2560 1
417 2501 495 2545 καὶ
521 2498 584 2544 δι’
613 2501 734 2557 ἡμᾶς
759 2498 874 2555 αὕτη
901 2499 1067 2556 scripsi
1092 2513 1116 2543 e
1135 2499 1378 2544 MaOEVat
1438 2495 1504 2541 δι’
1540 2497 1659 2553 ἡμᾶς
1691 2496 1806 2552 αὐτὴ
1834 2498 1918 2540 Mo

230 2560 299 2604 Re
422 2565 446 2604 3
479 2560 579 2618 καὶ]
612 2557 826 2603 κατέλυσε
856 2558 1019 2602 Iacobs
1047 2560 1152 2615 App
1177 2558 1303 2610 Por-s,
1336 2557 1462 2601 ἔλυσε
1495 2555 1634 2599 Schul
1756 2561 1781 2598 6
1814 2556 1918 2600 ἑκα-

230 2618 340 2679 τέρᾳ
373 2620 462 2663 Μα
582 2623 609 2662 8
642 2620 903 2673 δημοτικῶν
941 2618 1107 2673 scripsi
1139 2631 1163 2660 e
1190 2616 1432 2661 MaGlVat
1493 2614 1918 2670 δημοκρατούμενοι

233 2680 316 2722 Mo
351 2679 416 2721 Re
571 2682 596 2720 9
638 2678 770 2721 αὐτοὶ
803 2677 975 2719 inserui
1008 2690 1032 2720 e
1063 2676 1195 2719 libris
1241 2690 1345 2719 cum
1383 2674 1594 2718 Iacobsio
1629 2673 1769 2717 Schul
1844 2686 1920 2716 om

231 2737 298 2780 Re
422 2742 476 2780 10
509 2736 567 2792 δὴ
593 2738 682 2780 Μα
813 2741 863 2777 11
898 2735 1265 2789 προσαπέδωκας
1291 2736 1379 2778 Μα
1513 2738 1565 2776 12
1599 2731 1921 2781 ἐστοπαντελὲς

233 2797 318 2840 Mo
440 2801 494 2839 14
526 2797 702 2845 παῖδας
726 2796 815 2838 Μα
848 2794 929 2837 sed
962 2812 1011 2838 αι
1041 2795 1090 2837 in
1121 2807 1198 2837 ras
1222 2793 1292 2836 m²
1414 2797 1467 2835 16
1500 2791 1660 2843 ὥπλιζε
1687 2792 1776 2835 Μα
1802 2794 1808 2847 Ι
1835 2789 1918 2840 τοὶς

232 2853 276 2898 δ’
309 2856 397 2898 Μα
519 2859 572 2896 17
604 2851 656 2898 τὸ
690 2855 777 2897 Vat
811 2858 816 2907 Ι
845 2853 885 2896 εἰ
916 2867 991 2896 om
1023 2854 1112 2897 Vat
1233 2857 1286 2895 19
1318 2849 1385 2902 τίς
1412 2852 1501 2895 Μα
1622 2854 1677 2893 20
1708 2850 1759 2893 τὸ
1791 2865 1915 2905 τηνι-

232 2920 381 2956 καῦτα
414 2912 577 2968 scripsi
637 2919 944 2968 τοτηνικαῦτα
970 2914 1058 2955 Μα
1071 2913 1244 2956 VatMo
1275 2911 1343 2954 Re
1404 2910 1455 2953 τὸ
1487 2915 1682 2965 τηνικαῦ
1711 2909 1762 2953 Ol
