<?xml version="1.0" encoding="UTF-8"?>
<!DOCTYPE html PUBLIC "-//W3C//DTD XHTML 1.0 Transitional//EN"
    "http://www.w3.org/TR/xhtml1/DTD/xhtml1-transitional.dtd">
<html xmlns="http://www.w3.org/1999/xhtml" xml:lang="en" lang="en">
 <head>
  <title>
</title>
<meta http-equiv="Content-Type" content="text/html;charset=utf-8" />
  <meta name='ocr-system' content='tesseract 3.04.00' />
  <meta name='ocr-capabilities' content='ocr_page ocr_carea ocr_par ocr_line ocrx_word'/>
</head>
<body>
  <div class='ocr_page' id='page_1' title='image "./operarecensuitri07libauoft_0490.png"; bbox 0 0 2014 3158; ppageno 0'>
   <div class='ocr_carea' id='block_1_1' title="bbox 224 90 1507 151">
    <p class='ocr_par' dir='ltr' id='par_1_1' title="bbox 224 90 1507 151">
     <span class='ocr_line' id='line_1_1' title="bbox 224 90 1507 151; baseline -0.008 -7"><span class='ocrx_word' id='word_1_1' title='bbox 224 92 333 144; x_wconf 81' lang='grc'><em>472</em></span> <span class='ocrx_word' id='word_1_2' title='bbox 641 92 905 151; x_wconf 86' lang='lat' dir='ltr'><strong>[LIBANII]</strong></span> <span class='ocrx_word' id='word_1_3' title='bbox 937 90 1331 136; x_wconf 82' lang='lat' dir='ltr'><strong>DEOLAMATIO</strong></span> <span class='ocrx_word' id='word_1_4' title='bbox 1362 91 1507 135; x_wconf 87' lang='lat' dir='ltr'>XLIII</span> 
     </span>
    </p>
   </div>
   <div class='ocr_carea' id='block_1_2' title="bbox 161 226 1930 2076">
    <p class='ocr_par' dir='ltr' id='par_1_2' title="bbox 183 226 1922 741">
     <span class='ocr_line' id='line_1_2' title="bbox 224 226 1919 296; baseline 0 -15"><span class='ocrx_word' id='word_1_5' title='bbox 224 227 546 296; x_wconf 89' lang='grc' dir='ltr'><em>πολέμησεν.</em></span> <span class='ocrx_word' id='word_1_6' title='bbox 589 229 673 280; x_wconf 84' lang='grc'><em>71.</em></span> <span class='ocrx_word' id='word_1_7' title='bbox 714 230 792 291; x_wconf 82' lang='grc' dir='ltr'><em>εἰς</em></span> <span class='ocrx_word' id='word_1_8' title='bbox 822 235 1022 283; x_wconf 86' lang='grc' dir='ltr'><em>τοῦτον</em></span> <span class='ocrx_word' id='word_1_9' title='bbox 1062 226 1167 296; x_wconf 84' lang='grc' dir='ltr'><em>ἐγώ</em></span> <span class='ocrx_word' id='word_1_10' title='bbox 1209 241 1270 279; x_wconf 88' lang='grc' dir='ltr'><em>σε</em></span> <span class='ocrx_word' id='word_1_11' title='bbox 1308 227 1405 280; x_wconf 88' lang='grc' dir='ltr'><em>τὸν</em></span> <span class='ocrx_word' id='word_1_12' title='bbox 1436 227 1743 295; x_wconf 86' lang='grc' dir='ltr'><em>κατάλογον</em></span> <span class='ocrx_word' id='word_1_13' title='bbox 1774 230 1919 281; x_wconf 81' lang='grc' dir='ltr'><em>τίθε-</em></span> 
     </span>
     <span class='ocr_line' id='line_1_3' title="bbox 224 315 1921 386; baseline 0.001 -17"><span class='ocrx_word' id='word_1_14' title='bbox 224 336 339 385; x_wconf 79' lang='grc' dir='ltr'><em>μαι,</em></span> <span class='ocrx_word' id='word_1_15' title='bbox 378 318 510 383; x_wconf 81' lang='grc' dir='ltr'><em>μετὰ</em></span> <span class='ocrx_word' id='word_1_16' title='bbox 554 318 959 386; x_wconf 81' lang='grc' dir='ltr'><em>Θρασυβούλου</em></span> <span class='ocrx_word' id='word_1_17' title='bbox 998 316 1281 385; x_wconf 80' lang='grc' dir='ltr'><em>θαυμάζω,</em></span> <span class='ocrx_word' id='word_1_18' title='bbox 1321 317 1453 384; x_wconf 79' lang='grc' dir='ltr'><em>μετὰ</em></span> <span class='ocrx_word' id='word_1_19' title='bbox 1497 315 1715 384; x_wconf 79' lang='grc' dir='ltr'><em>Θησέως</em></span> <span class='ocrx_word' id='word_1_20' title='bbox 1751 330 1921 386; x_wconf 82' lang='grc' dir='ltr'><em>προσ-</em></span> 
     </span>
     <span class='ocr_line' id='line_1_4' title="bbox 227 403 1921 475; baseline 0 -17"><span class='ocrx_word' id='word_1_21' title='bbox 227 416 395 474; x_wconf 81' lang='grc' dir='ltr'><em>κυνῶ,</em></span> <span class='ocrx_word' id='word_1_22' title='bbox 427 404 552 474; x_wconf 84' lang='grc' dir='ltr'><em>μεθ’</em></span> <span class='ocrx_word' id='word_1_23' title='bbox 589 403 924 475; x_wconf 64' lang='grc' dir='ltr'><em>“Ηρακλέους</em></span> <span class='ocrx_word' id='word_1_24' title='bbox 965 405 1207 473; x_wconf 88' lang='grc' dir='ltr'><em>σέβομαι.</em></span> <span class='ocrx_word' id='word_1_25' title='bbox 1249 404 1611 474; x_wconf 82' lang='grc' dir='ltr'><em>ἐκπλήττομαι</em></span> <span class='ocrx_word' id='word_1_26' title='bbox 1642 412 1742 458; x_wconf 92' lang='grc' dir='ltr'><em>τοῦ</em></span> <span class='ocrx_word' id='word_1_27' title='bbox 1783 406 1921 474; x_wconf 83' lang='grc' dir='ltr'><em>θρά-</em></span> 
     </span>
     <span class='ocr_line' id='line_1_5' title="bbox 227 491 1920 566; baseline 0 -20"><span class='ocrx_word' id='word_1_28' title='bbox 227 508 384 562; x_wconf 82' lang='grc' dir='ltr'><em>σους,</em></span> <span class='ocrx_word' id='word_1_29' title='bbox 438 495 782 566; x_wconf 76' lang='grc' dir='ltr'><em>ὑπεράγαμαι</em></span> <span class='ocrx_word' id='word_1_30' title='bbox 831 503 925 564; x_wconf 81' lang='grc' dir='ltr'><em>τῆς</em></span> <span class='ocrx_word' id='word_1_31' title='bbox 977 497 1203 562; x_wconf 78' lang='grc' dir='ltr'><strong><em>τόλμης,</em></strong></span> <span class='ocrx_word' id='word_1_32' title='bbox 1257 495 1568 547; x_wconf 80' lang='grc' dir='ltr'><em>κινδυνεύω</em></span> <span class='ocrx_word' id='word_1_33' title='bbox 1615 491 1740 563; x_wconf 82' lang='grc' dir='ltr'><em>μηδ’</em></span> <span class='ocrx_word' id='word_1_34' title='bbox 1788 497 1920 564; x_wconf 82' lang='grc' dir='ltr'><em>ἔργα</em></span> 
     </span>
     <span class='ocr_line' id='line_1_6' title="bbox 183 581 1920 652; baseline 0 -16"><span class='ocrx_word' id='word_1_35' title='bbox 183 603 201 636; x_wconf 81' lang='lat'><strong>5</strong></span> <span class='ocrx_word' id='word_1_36' title='bbox 227 585 488 650; x_wconf 82' lang='grc' dir='ltr'><em>γυναικὸς</em></span> <span class='ocrx_word' id='word_1_37' title='bbox 518 591 689 636; x_wconf 91' lang='grc' dir='ltr'><em>ταῦτα</em></span> <span class='ocrx_word' id='word_1_38' title='bbox 721 585 979 652; x_wconf 77' lang='grc' dir='ltr'><em>νομίζειν,</em></span> <span class='ocrx_word' id='word_1_39' title='bbox 1006 582 1144 636; x_wconf 89' lang='grc' dir='ltr'><em>ἀλλά</em></span> <span class='ocrx_word' id='word_1_40' title='bbox 1174 603 1325 645; x_wconf 88' lang='grc' dir='ltr'><em>τινος</em></span> <span class='ocrx_word' id='word_1_41' title='bbox 1352 581 1610 651; x_wconf 80' lang='grc' dir='ltr'><em>ἐφεστίου</em></span> <span class='ocrx_word' id='word_1_42' title='bbox 1645 584 1920 651; x_wconf 82' lang='grc' dir='ltr'><em>δαίμονος.</em></span> 
     </span>
     <span class='ocr_line' id='line_1_7' title="bbox 340 669 1922 741; baseline 0 -17"><span class='ocrx_word' id='word_1_43' title='bbox 340 671 423 725; x_wconf 79' lang='grc'><em>72.</em></span> <span class='ocrx_word' id='word_1_44' title='bbox 463 671 651 741; x_wconf 85' lang='grc' dir='ltr'><em>Δεῦρό</em></span> <span class='ocrx_word' id='word_1_45' title='bbox 693 693 805 741; x_wconf 77' lang='grc' dir='ltr'><em>μοι,</em></span> <span class='ocrx_word' id='word_1_46' title='bbox 846 669 887 726; x_wconf 83' lang='grc' dir='ltr'><em>ὦ</em></span> <span class='ocrx_word' id='word_1_47' title='bbox 922 673 1279 740; x_wconf 79' lang='grc' dir='ltr'><em>γενναιοτάτη</em></span> <span class='ocrx_word' id='word_1_48' title='bbox 1321 681 1619 740; x_wconf 86' lang='grc' dir='ltr'><em>γυναικῶν.</em></span> <span class='ocrx_word' id='word_1_49' title='bbox 1659 671 1922 740; x_wconf 76' lang='grc' dir='ltr'><em>ἀνάβαινε</em></span> 
     </span>
    </p>

    <p class='ocr_par' dir='ltr' id='par_1_3' title="bbox 161 761 1930 2076">
     <span class='ocr_line' id='line_1_8' title="bbox 225 761 1924 832; baseline 0.001 -19"><span class='ocrx_word' id='word_1_50' title='bbox 225 761 363 829; x_wconf 88' lang='grc' dir='ltr'><em>πρὸς</em></span> <span class='ocrx_word' id='word_1_51' title='bbox 407 762 469 813; x_wconf 92' lang='grc' dir='ltr'><em>τὸ</em></span> <span class='ocrx_word' id='word_1_52' title='bbox 516 763 663 830; x_wconf 83' lang='grc' dir='ltr'><em>βῆμα</em></span> <span class='ocrx_word' id='word_1_53' title='bbox 710 762 772 815; x_wconf 91' lang='grc' dir='ltr'><em>τὸ</em></span> <span class='ocrx_word' id='word_1_54' title='bbox 823 762 915 814; x_wconf 83' lang='grc' dir='ltr'><em>διὰ</em></span> <span class='ocrx_word' id='word_1_55' title='bbox 964 761 1026 814; x_wconf 78' lang='grc' dir='ltr'><em>σὲ</em></span> <span class='ocrx_word' id='word_1_56' title='bbox 1070 768 1179 813; x_wconf 91' lang='grc' dir='ltr'><em>νῦν</em></span> <span class='ocrx_word' id='word_1_57' title='bbox 1233 761 1369 813; x_wconf 80' lang='grc' dir='ltr'><em>κατὰ</em></span> <span class='ocrx_word' id='word_1_58' title='bbox 1420 762 1627 829; x_wconf 90' lang='grc' dir='ltr'><em>νόμους</em></span> <span class='ocrx_word' id='word_1_59' title='bbox 1671 779 1924 832; x_wconf 89' lang='grc' dir='ltr'><em>περικρο-</em></span> 
     </span>
     <span class='ocr_line' id='line_1_9' title="bbox 225 846 1923 919; baseline 0.001 -18"><span class='ocrx_word' id='word_1_60' title='bbox 225 851 520 918; x_wconf 79' lang='grc' dir='ltr'><em>τούμενον,</em></span> <span class='ocrx_word' id='word_1_61' title='bbox 567 849 901 919; x_wconf 86' lang='grc' dir='ltr'><em>προένεγκαί</em></span> <span class='ocrx_word' id='word_1_62' title='bbox 943 870 994 903; x_wconf 90' lang='grc' dir='ltr'><em>τι</em></span> <span class='ocrx_word' id='word_1_63' title='bbox 1042 850 1133 902; x_wconf 83' lang='grc' dir='ltr'><em>καὶ</em></span> <span class='ocrx_word' id='word_1_64' title='bbox 1181 848 1500 918; x_wconf 78' lang='grc' dir='ltr'><em>φθέγματος</em></span> <span class='ocrx_word' id='word_1_65' title='bbox 1538 848 1663 919; x_wconf 83' lang='grc' dir='ltr'><em>μεθ’</em></span> <span class='ocrx_word' id='word_1_66' title='bbox 1711 846 1779 903; x_wconf 83' lang='grc' dir='ltr'><em>οὗ</em></span> <span class='ocrx_word' id='word_1_67' title='bbox 1824 851 1923 903; x_wconf 91' lang='grc' dir='ltr'><em>τὸν</em></span> 
     </span>
     <span class='ocr_line' id='line_1_10' title="bbox 227 935 1923 1008; baseline 0.002 -18"><span class='ocrx_word' id='word_1_68' title='bbox 227 939 506 1006; x_wconf 86' lang='grc' dir='ltr'><em>τύραννον</em></span> <span class='ocrx_word' id='word_1_69' title='bbox 543 935 684 1006; x_wconf 75' lang='grc' dir='ltr'><em>ὑπὲρ</em></span> <span class='ocrx_word' id='word_1_70' title='bbox 723 948 836 992; x_wconf 84' lang='grc' dir='ltr'><em>τῶν</em></span> <span class='ocrx_word' id='word_1_71' title='bbox 874 942 1061 1006; x_wconf 90' lang='grc' dir='ltr'><em>νόμων</em></span> <span class='ocrx_word' id='word_1_72' title='bbox 1096 937 1348 1006; x_wconf 81' lang='grc' dir='ltr'><em>ἱκέτευες,</em></span> <span class='ocrx_word' id='word_1_73' title='bbox 1389 937 1572 1002; x_wconf 84' lang='grc' dir='ltr'><em>δεῖξον</em></span> <span class='ocrx_word' id='word_1_74' title='bbox 1602 937 1923 1008; x_wconf 72' lang='grc' dir='ltr'><em>ᾑμαγμένην</em></span> 
     </span>
     <span class='ocr_line' id='line_1_11' title="bbox 161 1026 1924 1099; baseline 0 -19"><span class='ocrx_word' id='word_1_75' title='bbox 161 1047 203 1080; x_wconf 91' lang='lat'><em>10</em></span> <span class='ocrx_word' id='word_1_76' title='bbox 226 1034 300 1099; x_wconf 77' lang='grc' dir='ltr'><em>τῷ</em></span> <span class='ocrx_word' id='word_1_77' title='bbox 340 1035 440 1080; x_wconf 91' lang='grc' dir='ltr'><em>τοῦ</em></span> <span class='ocrx_word' id='word_1_78' title='bbox 479 1028 761 1098; x_wconf 90' lang='grc' dir='ltr'><em>τυράννου</em></span> <span class='ocrx_word' id='word_1_79' title='bbox 804 1029 999 1099; x_wconf 77' lang='grc' dir='ltr'><em>λύθρῳ</em></span> <span class='ocrx_word' id='word_1_80' title='bbox 1039 1028 1139 1096; x_wconf 88' lang='grc' dir='ltr'><em>τὴν</em></span> <span class='ocrx_word' id='word_1_81' title='bbox 1171 1037 1341 1097; x_wconf 78' lang='grc' dir='ltr'><em>χεῖρα,</em></span> <span class='ocrx_word' id='word_1_82' title='bbox 1380 1026 1471 1080; x_wconf 86' lang='grc' dir='ltr'><em>καὶ</em></span> <span class='ocrx_word' id='word_1_83' title='bbox 1510 1028 1646 1096; x_wconf 86' lang='grc' dir='ltr'><em>τάχα</em></span> <span class='ocrx_word' id='word_1_84' title='bbox 1677 1027 1924 1081; x_wconf 79' lang='grc' dir='ltr'><em>καταιδέ-</em></span> 
     </span>
     <span class='ocr_line' id='line_1_12' title="bbox 227 1116 1926 1188; baseline 0.001 -20"><span class='ocrx_word' id='word_1_85' title='bbox 227 1131 340 1179; x_wconf 87' lang='grc' dir='ltr'><em>σεις</em></span> <span class='ocrx_word' id='word_1_86' title='bbox 386 1118 516 1179; x_wconf 86' lang='grc' dir='ltr'><em>τοὺς</em></span> <span class='ocrx_word' id='word_1_87' title='bbox 571 1116 993 1179; x_wconf 81' lang='grc' dir='ltr'><em>ἀντιτείνοντας.</em></span> <span class='ocrx_word' id='word_1_88' title='bbox 1050 1117 1183 1188; x_wconf 83' lang='grc' dir='ltr'><em>ὁρᾷς</em></span> <span class='ocrx_word' id='word_1_89' title='bbox 1230 1117 1304 1179; x_wconf 78' lang='grc' dir='ltr'><em>ὡς</em></span> <span class='ocrx_word' id='word_1_90' title='bbox 1359 1119 1645 1184; x_wconf 80' lang='grc' dir='ltr'><em>σεσίγηκεν</em></span> <span class='ocrx_word' id='word_1_91' title='bbox 1692 1116 1720 1170; x_wconf 89' lang='grc' dir='ltr'>ὁ</span> <span class='ocrx_word' id='word_1_92' title='bbox 1766 1120 1926 1186; x_wconf 86' lang='grc' dir='ltr'><em>κατή-</em></span> 
     </span>
     <span class='ocr_line' id='line_1_13' title="bbox 227 1202 1925 1275; baseline 0.001 -17"><span class='ocrx_word' id='word_1_93' title='bbox 227 1226 407 1275; x_wconf 78' lang='grc' dir='ltr'><em>γορος,</em></span> <span class='ocrx_word' id='word_1_94' title='bbox 449 1206 477 1259; x_wconf 91' lang='grc' dir='ltr'>ὁ</span> <span class='ocrx_word' id='word_1_95' title='bbox 519 1202 580 1266; x_wconf 70' lang='grc' dir='ltr'><em>δὲ</em></span> <span class='ocrx_word' id='word_1_96' title='bbox 620 1207 792 1275; x_wconf 81' lang='grc' dir='ltr'><em>δῆμος</em></span> <span class='ocrx_word' id='word_1_97' title='bbox 830 1204 1224 1275; x_wconf 82' lang='grc' dir='ltr'><em>ἐκάμφθησαν;</em></span> <span class='ocrx_word' id='word_1_98' title='bbox 1271 1206 1473 1274; x_wconf 83' lang='grc' dir='ltr'><em>θάρρει</em></span> <span class='ocrx_word' id='word_1_99' title='bbox 1518 1207 1620 1274; x_wconf 86' lang='grc' dir='ltr'><em>τὴν</em></span> <span class='ocrx_word' id='word_1_100' title='bbox 1666 1215 1925 1260; x_wconf 86' lang='grc' dir='ltr'><em>νικῶσαν.</em></span> 
     </span>
     <span class='ocr_line' id='line_1_14' title="bbox 228 1294 1926 1365; baseline 0.001 -18"><span class='ocrx_word' id='word_1_101' title='bbox 228 1295 330 1347; x_wconf 85' lang='grc' dir='ltr'><em>οὐκ</em></span> <span class='ocrx_word' id='word_1_102' title='bbox 377 1294 578 1365; x_wconf 84' lang='grc' dir='ltr'><em>ἀποίσῃ</em></span> <span class='ocrx_word' id='word_1_103' title='bbox 626 1304 737 1347; x_wconf 84' lang='grc' dir='ltr'><em>τῶν</em></span> <span class='ocrx_word' id='word_1_104' title='bbox 785 1294 846 1347; x_wconf 81' lang='grc' dir='ltr'><em>ἐν</em></span> <span class='ocrx_word' id='word_1_105' title='bbox 893 1296 1080 1363; x_wconf 81' lang='grc' dir='ltr'><em>λόγοις</em></span> <span class='ocrx_word' id='word_1_106' title='bbox 1135 1296 1336 1348; x_wconf 82' lang='grc' dir='ltr'><em>δεινῶν</em></span> <span class='ocrx_word' id='word_1_107' title='bbox 1382 1295 1683 1348; x_wconf 84' lang='grc' dir='ltr'><em>τοῦλαττον</em></span> <span class='ocrx_word' id='word_1_108' title='bbox 1730 1295 1763 1364; x_wconf 85' lang='grc' dir='ltr'>ἡ</span> <span class='ocrx_word' id='word_1_109' title='bbox 1809 1304 1926 1359; x_wconf 91' lang='grc' dir='ltr'><em>τοῖς</em></span> 
     </span>
     <span class='ocr_line' id='line_1_15' title="bbox 227 1381 1930 1453; baseline 0.001 -18"><span class='ocrx_word' id='word_1_110' title='bbox 227 1381 408 1452; x_wconf 79' lang='grc' dir='ltr'><em>ἔργοις</em></span> <span class='ocrx_word' id='word_1_111' title='bbox 449 1383 857 1453; x_wconf 86' lang='grc' dir='ltr'><em>ἀπενεγκαμένη</em></span> <span class='ocrx_word' id='word_1_112' title='bbox 905 1386 965 1436; x_wconf 93' lang='grc' dir='ltr'><em>τὸ</em></span> <span class='ocrx_word' id='word_1_113' title='bbox 1006 1386 1205 1452; x_wconf 81' lang='grc' dir='ltr'><em>μεῖζον.</em></span> <span class='ocrx_word' id='word_1_114' title='bbox 1250 1384 1334 1436; x_wconf 80' lang='lat'><em>73.</em></span> <span class='ocrx_word' id='word_1_115' title='bbox 1374 1385 1631 1453; x_wconf 88' lang='grc' dir='ltr'><em>πρότεινε</em></span> <span class='ocrx_word' id='word_1_116' title='bbox 1670 1386 1804 1453; x_wconf 84' lang='grc' dir='ltr'><em>μετὰ</em></span> <span class='ocrx_word' id='word_1_117' title='bbox 1835 1392 1930 1452; x_wconf 83' lang='grc' dir='ltr'><em>τῆς</em></span> 
     </span>
     <span class='ocr_line' id='line_1_16' title="bbox 162 1470 1926 1543; baseline 0.001 -18"><span class='ocrx_word' id='word_1_118' title='bbox 162 1492 204 1525; x_wconf 79' lang='lat'><em>15</em></span> <span class='ocrx_word' id='word_1_119' title='bbox 229 1473 408 1541; x_wconf 87' lang='grc' dir='ltr'><em>χειρὸς</em></span> <span class='ocrx_word' id='word_1_120' title='bbox 462 1472 522 1524; x_wconf 91' lang='grc' dir='ltr'><em>τὸ</em></span> <span class='ocrx_word' id='word_1_121' title='bbox 578 1472 738 1541; x_wconf 82' lang='grc' dir='ltr'><em>ξίφος</em></span> <span class='ocrx_word' id='word_1_122' title='bbox 791 1470 870 1526; x_wconf 82' lang='grc' dir='ltr'><em>ἔτι</em></span> <span class='ocrx_word' id='word_1_123' title='bbox 925 1480 1024 1525; x_wconf 90' lang='grc' dir='ltr'><em>τοῦ</em></span> <span class='ocrx_word' id='word_1_124' title='bbox 1079 1480 1417 1543; x_wconf 76' lang='grc' dir='ltr'><em>τυραννικοῦ</em></span> <span class='ocrx_word' id='word_1_125' title='bbox 1471 1474 1926 1541; x_wconf 79' lang='grc' dir='ltr'><em>προσαποστάζον</em></span> 
     </span>
     <span class='ocr_line' id='line_1_17' title="bbox 229 1561 1923 1630; baseline 0.001 -17"><span class='ocrx_word' id='word_1_126' title='bbox 229 1562 465 1628; x_wconf 79' lang='grc' dir='ltr'><em>αἵματος.</em></span> <span class='ocrx_word' id='word_1_127' title='bbox 504 1564 669 1615; x_wconf 92' lang='grc' dir='ltr'><em>τοῦτό</em></span> <span class='ocrx_word' id='word_1_128' title='bbox 710 1575 812 1615; x_wconf 88' lang='grc' dir='ltr'><em>σου</em></span> <span class='ocrx_word' id='word_1_129' title='bbox 852 1563 913 1615; x_wconf 92' lang='grc' dir='ltr'><em>τὸ</em></span> <span class='ocrx_word' id='word_1_130' title='bbox 955 1561 1113 1630; x_wconf 82' lang='grc' dir='ltr'><em>ξίφος</em></span> <span class='ocrx_word' id='word_1_131' title='bbox 1154 1561 1259 1629; x_wconf 86' lang='grc' dir='ltr'><em>ἐγὼ</em></span> <span class='ocrx_word' id='word_1_132' title='bbox 1306 1562 1397 1614; x_wconf 83' lang='grc' dir='ltr'><em>καὶ</em></span> <span class='ocrx_word' id='word_1_133' title='bbox 1442 1566 1598 1625; x_wconf 80' lang='grc' dir='ltr'><em>θεοῖς</em></span> <span class='ocrx_word' id='word_1_134' title='bbox 1645 1562 1923 1630; x_wconf 84' lang='grc' dir='ltr'><em>ἀναθήσο-</em></span> 
     </span>
     <span class='ocr_line' id='line_1_18' title="bbox 228 1647 1925 1719; baseline 0.001 -17"><span class='ocrx_word' id='word_1_135' title='bbox 228 1669 339 1717; x_wconf 88' lang='grc' dir='ltr'><em>μαι.</em></span> <span class='ocrx_word' id='word_1_136' title='bbox 392 1651 525 1718; x_wconf 76' lang='grc' dir='ltr'><em>μετὰ</em></span> <span class='ocrx_word' id='word_1_137' title='bbox 579 1657 679 1703; x_wconf 90' lang='grc' dir='ltr'><em>τοῦ</em></span> <span class='ocrx_word' id='word_1_138' title='bbox 735 1658 828 1719; x_wconf 83' lang='grc' dir='ltr'><em>τῆς</em></span> <span class='ocrx_word' id='word_1_139' title='bbox 880 1649 1113 1718; x_wconf 77' lang='grc' dir='ltr'><em>Ἀθηνᾶς</em></span> <span class='ocrx_word' id='word_1_140' title='bbox 1167 1647 1388 1719; x_wconf 78' lang='grc' dir='ltr'><em>ἕγχους,</em></span> <span class='ocrx_word' id='word_1_141' title='bbox 1444 1652 1577 1719; x_wconf 82' lang='grc' dir='ltr'><em>μετὰ</em></span> <span class='ocrx_word' id='word_1_142' title='bbox 1629 1658 1728 1704; x_wconf 91' lang='grc' dir='ltr'><em>τοῦ</em></span> <span class='ocrx_word' id='word_1_143' title='bbox 1785 1652 1925 1713; x_wconf 87' lang='grc' dir='ltr'><em>Διὸς</em></span> 
     </span>
     <span class='ocr_line' id='line_1_19' title="bbox 227 1737 1925 1809; baseline 0.001 -18"><span class='ocrx_word' id='word_1_144' title='bbox 227 1746 501 1807; x_wconf 81' lang='grc' dir='ltr'><em>κεραυνοῦ</em></span> <span class='ocrx_word' id='word_1_145' title='bbox 541 1741 705 1792; x_wconf 91' lang='grc' dir='ltr'><em>τοῦτό</em></span> <span class='ocrx_word' id='word_1_146' title='bbox 747 1754 849 1792; x_wconf 86' lang='grc' dir='ltr'><em>σου</em></span> <span class='ocrx_word' id='word_1_147' title='bbox 896 1741 957 1792; x_wconf 92' lang='grc' dir='ltr'><em>τὸ</em></span> <span class='ocrx_word' id='word_1_148' title='bbox 1006 1738 1165 1808; x_wconf 84' lang='grc' dir='ltr'><em>ξίφος</em></span> <span class='ocrx_word' id='word_1_149' title='bbox 1214 1737 1501 1803; x_wconf 83' lang='grc' dir='ltr'><em>τετάξεται.</em></span> <span class='ocrx_word' id='word_1_150' title='bbox 1550 1737 1747 1793; x_wconf 74' lang='grc' dir='ltr'><em>ἔλυσεν</em></span> <span class='ocrx_word' id='word_1_151' title='bbox 1786 1740 1925 1809; x_wconf 88' lang='grc' dir='ltr'><em>ὠμό-</em></span> 
     </span>
     <span class='ocr_line' id='line_1_20' title="bbox 228 1828 1926 1899; baseline 0 -19"><span class='ocrx_word' id='word_1_152' title='bbox 228 1847 361 1894; x_wconf 90' lang='grc' dir='ltr'><em>τητα</em></span> <span class='ocrx_word' id='word_1_153' title='bbox 399 1829 739 1896; x_wconf 89' lang='grc' dir='ltr'><em>τυραννικὴν</em></span> <span class='ocrx_word' id='word_1_154' title='bbox 779 1829 845 1880; x_wconf 87' lang='grc' dir='ltr'><em>οὐ</em></span> <span class='ocrx_word' id='word_1_155' title='bbox 884 1834 1071 1899; x_wconf 79' lang='grc' dir='ltr'><em>μακρῷ</em></span> <span class='ocrx_word' id='word_1_156' title='bbox 1123 1835 1216 1896; x_wconf 81' lang='grc' dir='ltr'><em>τῆς</em></span> <span class='ocrx_word' id='word_1_157' title='bbox 1267 1837 1380 1880; x_wconf 83' lang='grc' dir='ltr'><em>τῶν</em></span> <span class='ocrx_word' id='word_1_158' title='bbox 1426 1829 1676 1882; x_wconf 89' lang='grc' dir='ltr'><em>Τιτάνων</em></span> <span class='ocrx_word' id='word_1_159' title='bbox 1713 1828 1926 1897; x_wconf 80' lang='grc' dir='ltr'><em>ὕβρεως</em></span> 
     </span>
     <span class='ocr_line' id='line_1_21' title="bbox 163 1915 1925 1987; baseline -0.001 -17"><span class='ocrx_word' id='word_1_160' title='bbox 163 1938 207 1970; x_wconf 84' lang='lat'><em>20</em></span> <span class='ocrx_word' id='word_1_161' title='bbox 231 1916 578 1985; x_wconf 81' lang='grc' dir='ltr'><em>λειπομένην,</em></span> <span class='ocrx_word' id='word_1_162' title='bbox 619 1915 896 1985; x_wconf 78' lang='grc' dir='ltr'><em>ἀπέσφαξε</em></span> <span class='ocrx_word' id='word_1_163' title='bbox 935 1918 1217 1987; x_wconf 88' lang='grc' dir='ltr'><em>τύραννον</em></span> <span class='ocrx_word' id='word_1_164' title='bbox 1255 1925 1456 1986; x_wconf 86' lang='grc' dir='ltr'><em>μικροῦ</em></span> <span class='ocrx_word' id='word_1_165' title='bbox 1503 1915 1594 1970; x_wconf 85' lang='grc' dir='ltr'><em>καὶ</em></span> <span class='ocrx_word' id='word_1_166' title='bbox 1634 1917 1925 1985; x_wconf 89' lang='grc' dir='ltr'><em>Γιγάντων</em></span> 
     </span>
     <span class='ocr_line' id='line_1_22' title="bbox 228 2005 1924 2076; baseline 0.001 -19"><span class='ocrx_word' id='word_1_167' title='bbox 228 2007 721 2075; x_wconf 88' lang='grc' dir='ltr'><em>παλαμναιότερον.</em></span> <span class='ocrx_word' id='word_1_168' title='bbox 755 2005 890 2074; x_wconf 86' lang='grc' dir='ltr'><em>τάχα</em></span> <span class='ocrx_word' id='word_1_169' title='bbox 922 2023 1029 2058; x_wconf 91' lang='grc' dir='ltr'><em>που</em></span> <span class='ocrx_word' id='word_1_170' title='bbox 1062 2006 1149 2058; x_wconf 88' lang='grc' dir='ltr'><em>καὶ</em></span> <span class='ocrx_word' id='word_1_171' title='bbox 1185 2008 1391 2074; x_wconf 83' lang='grc' dir='ltr'><em>στήλην</em></span> <span class='ocrx_word' id='word_1_172' title='bbox 1424 2020 1510 2059; x_wconf 87' lang='grc' dir='ltr'><em>σοι</em></span> <span class='ocrx_word' id='word_1_173' title='bbox 1543 2005 1924 2076; x_wconf 90' lang='grc' dir='ltr'><em>λαμπροτέραν</em></span> 
     </span>
    </p>
   </div>
   <div class='ocr_carea' id='block_1_3' title="bbox 228 2111 392 2115">
    <p class='ocr_par' dir='ltr' id='par_1_4' title="bbox 228 2111 392 2115">
     <span class='ocr_line' id='line_1_23' title="bbox 228 2111 392 2115; baseline 0 0"><span class='ocrx_word' id='word_1_174' title='bbox 228 2111 392 2115; x_wconf 95' lang='lat' dir='ltr'><em> </em></span> 
     </span>
    </p>
   </div>
   <div class='ocr_carea' id='block_1_4' title="bbox 229 2165 1921 2340">
    <p class='ocr_par' dir='ltr' id='par_1_5' title="bbox 229 2165 1921 2340">
     <span class='ocr_line' id='line_1_24' title="bbox 351 2165 1921 2222; baseline 0 -14"><span class='ocrx_word' id='word_1_175' title='bbox 351 2170 375 2208; x_wconf 87' lang='grc'><strong>5</strong></span> <span class='ocrx_word' id='word_1_176' title='bbox 410 2166 465 2210; x_wconf 81' lang='lat' dir='ltr'><em>cf.</em></span> <span class='ocrx_word' id='word_1_177' title='bbox 493 2181 537 2222; x_wconf 90' lang='lat' dir='ltr'><em>p.</em></span> <span class='ocrx_word' id='word_1_178' title='bbox 565 2171 665 2219; x_wconf 84' lang='lat'>359,</span> <span class='ocrx_word' id='word_1_179' title='bbox 689 2172 740 2209; x_wconf 84' lang='lat'><em>12</em></span> <span class='ocrx_word' id='word_1_180' title='bbox 890 2171 942 2210; x_wconf 88' lang='lat'><em>12</em></span> <span class='ocrx_word' id='word_1_181' title='bbox 976 2166 1091 2210; x_wconf 85' lang='lat' dir='ltr'>Xen.</span> <span class='ocrx_word' id='word_1_182' title='bbox 1120 2166 1257 2210; x_wconf 82' lang='lat' dir='ltr'>anab.</span> <span class='ocrx_word' id='word_1_183' title='bbox 1282 2166 1346 2209; x_wconf 90' lang='lat' dir='ltr'><em>III</em></span> <span class='ocrx_word' id='word_1_184' title='bbox 1371 2171 1410 2220; x_wconf 83' lang='lat'><em>2,</em></span> <span class='ocrx_word' id='word_1_185' title='bbox 1431 2171 1502 2211; x_wconf 85' lang='lat'><em>20.</em></span> <span class='ocrx_word' id='word_1_186' title='bbox 1543 2166 1681 2222; x_wconf 85' lang='lat' dir='ltr'>Soph.</span> <span class='ocrx_word' id='word_1_187' title='bbox 1709 2165 1795 2210; x_wconf 85' lang='lat' dir='ltr'><em>OC.</em></span> <span class='ocrx_word' id='word_1_188' title='bbox 1823 2170 1921 2209; x_wconf 87' lang='grc'><strong>649.</strong></span> 
     </span>
     <span class='ocr_line' id='line_1_25' title="bbox 229 2224 1920 2281; baseline 0.001 -14"><span class='ocrx_word' id='word_1_189' title='bbox 229 2224 336 2268; x_wconf 87' lang='lat' dir='ltr'>Eur.</span> <span class='ocrx_word' id='word_1_190' title='bbox 354 2225 496 2268; x_wconf 87' lang='lat' dir='ltr'><strong>Andr.</strong></span> <span class='ocrx_word' id='word_1_191' title='bbox 516 2229 600 2267; x_wconf 85' lang='lat'><em>993</em></span> <span class='ocrx_word' id='word_1_192' title='bbox 725 2230 778 2268; x_wconf 91' lang='lat'><em>13</em></span> <span class='ocrx_word' id='word_1_193' title='bbox 806 2225 918 2269; x_wconf 86' lang='lat' dir='ltr'><strong>Xen.</strong></span> <span class='ocrx_word' id='word_1_194' title='bbox 946 2225 1081 2269; x_wconf 83' lang='lat' dir='ltr'><strong>anab.</strong></span> <span class='ocrx_word' id='word_1_195' title='bbox 1101 2225 1143 2269; x_wconf 94' lang='lat' dir='ltr'><strong>V</strong></span> <span class='ocrx_word' id='word_1_196' title='bbox 1161 2230 1202 2281; x_wconf 82' lang='lat'><em>9,</em></span> <span class='ocrx_word' id='word_1_197' title='bbox 1223 2230 1299 2279; x_wconf 83' lang='lat'><em>183</em></span> <span class='ocrx_word' id='word_1_198' title='bbox 1327 2230 1396 2280; x_wconf 82' lang='lat'><em>10,</em></span> <span class='ocrx_word' id='word_1_199' title='bbox 1417 2231 1470 2269; x_wconf 83' lang='lat'><em>12</em></span> <span class='ocrx_word' id='word_1_200' title='bbox 1593 2230 1647 2270; x_wconf 86' lang='lat'><em>15</em></span> <span class='ocrx_word' id='word_1_201' title='bbox 1674 2225 1731 2270; x_wconf 90' lang='lat' dir='ltr'><em>cf.</em></span> <span class='ocrx_word' id='word_1_202' title='bbox 1756 2240 1800 2281; x_wconf 91' lang='lat' dir='ltr'><em>p.</em></span> <span class='ocrx_word' id='word_1_203' title='bbox 1821 2230 1920 2280; x_wconf 83' lang='lat'><strong>348,</strong></span> 
     </span>
     <span class='ocr_line' id='line_1_26' title="bbox 233 2283 807 2340; baseline 0 -13"><span class='ocrx_word' id='word_1_204' title='bbox 233 2289 300 2328; x_wconf 88' lang='lat'><em>16.</em></span> <span class='ocrx_word' id='word_1_205' title='bbox 335 2283 467 2328; x_wconf 85' lang='lat' dir='ltr'>Chor.</span> <span class='ocrx_word' id='word_1_206' title='bbox 501 2286 589 2340; x_wconf 65' lang='lat' dir='ltr'>izyr.</span> <span class='ocrx_word' id='word_1_207' title='bbox 623 2300 664 2340; x_wconf 90' lang='lat' dir='ltr'><em>p.</em></span> <span class='ocrx_word' id='word_1_208' title='bbox 694 2289 807 2339; x_wconf 82' lang='lat'>54,3</span> 
     </span>
    </p>
   </div>
   <div class='ocr_carea' id='block_1_5' title="bbox 230 2377 585 2382">
    <p class='ocr_par' dir='ltr' id='par_1_6' title="bbox 230 2377 585 2382">
     <span class='ocr_line' id='line_1_27' title="bbox 230 2377 585 2382; baseline 0 0"><span class='ocrx_word' id='word_1_209' title='bbox 230 2377 585 2382; x_wconf 95' lang='lat' dir='ltr'><em> </em></span> 
     </span>
    </p>
   </div>
   <div class='ocr_carea' id='block_1_6' title="bbox 228 2429 1921 2960">
    <p class='ocr_par' dir='ltr' id='par_1_7' title="bbox 348 2429 1781 2488">
     <span class='ocr_line' id='line_1_28' title="bbox 348 2429 1781 2488; baseline 0 -14"><span class='ocrx_word' id='word_1_210' title='bbox 348 2437 375 2474; x_wconf 88' lang='grc'>4</span> <span class='ocrx_word' id='word_1_211' title='bbox 408 2431 469 2487; x_wconf 89' lang='grc' dir='ltr'><em>μὴ</em></span> <span class='ocrx_word' id='word_1_212' title='bbox 502 2429 546 2474; x_wconf 82' lang='grc' dir='ltr'><em>δ’</em></span> <span class='ocrx_word' id='word_1_213' title='bbox 580 2433 756 2476; x_wconf 87' lang='grc' dir='ltr'><em>ΜαΜο</em></span> <span class='ocrx_word' id='word_1_214' title='bbox 901 2437 926 2475; x_wconf 83' lang='grc'>5</span> <span class='ocrx_word' id='word_1_215' title='bbox 961 2429 1163 2488; x_wconf 80' lang='grc' dir='ltr'><em>νομίζειν</em></span> <span class='ocrx_word' id='word_1_216' title='bbox 1189 2433 1278 2476; x_wconf 87' lang='grc' dir='ltr'><em>Μα</em></span> <span class='ocrx_word' id='word_1_217' title='bbox 1311 2433 1392 2475; x_wconf 83' lang='lat' dir='ltr'>scd</span> <span class='ocrx_word' id='word_1_218' title='bbox 1425 2448 1495 2476; x_wconf 87' lang='grc' dir='ltr'><em>ειν</em></span> <span class='ocrx_word' id='word_1_219' title='bbox 1526 2433 1575 2475; x_wconf 90' lang='lat' dir='ltr'><em>in</em></span> <span class='ocrx_word' id='word_1_220' title='bbox 1605 2445 1680 2475; x_wconf 83' lang='lat' dir='ltr'><em>ras</em></span> <span class='ocrx_word' id='word_1_221' title='bbox 1712 2431 1781 2474; x_wconf 64' lang='grc' dir='ltr'><em>αι’</em></span> 
     </span>
    </p>

    <p class='ocr_par' dir='ltr' id='par_1_8' title="bbox 228 2489 1921 2960">
     <span class='ocr_line' id='line_1_29' title="bbox 231 2489 1921 2548; baseline 0 -15"><span class='ocrx_word' id='word_1_222' title='bbox 231 2495 256 2533; x_wconf 90' lang='lat'>8</span> <span class='ocrx_word' id='word_1_223' title='bbox 289 2489 539 2547; x_wconf 78' lang='grc' dir='ltr'><em>προένεγκέ</em></span> <span class='ocrx_word' id='word_1_224' title='bbox 557 2491 611 2535; x_wconf 82' lang='lat' dir='ltr'><em>Ol</em></span> <span class='ocrx_word' id='word_1_225' title='bbox 730 2495 784 2533; x_wconf 82' lang='lat'><em>12</em></span> <span class='ocrx_word' id='word_1_226' title='bbox 811 2491 995 2547; x_wconf 88' lang='lat' dir='ltr'>signum</span> <span class='ocrx_word' id='word_1_227' title='bbox 1020 2491 1400 2548; x_wconf 66' lang='lat' dir='ltr'>interrogationis</span> <span class='ocrx_word' id='word_1_228' title='bbox 1423 2492 1557 2546; x_wconf 85' lang='lat' dir='ltr'>posui</span> <span class='ocrx_word' id='word_1_229' title='bbox 1583 2505 1608 2535; x_wconf 84' lang='lat' dir='ltr'>e</span> <span class='ocrx_word' id='word_1_230' title='bbox 1627 2492 1716 2535; x_wconf 88' lang='lat' dir='ltr'><em>Ma</em></span> <span class='ocrx_word' id='word_1_231' title='bbox 1775 2505 1921 2546; x_wconf 91' lang='lat' dir='ltr'>punc-</span> 
     </span>
     <span class='ocr_line' id='line_1_30' title="bbox 228 2549 1846 2606; baseline 0.001 -14"><span class='ocrx_word' id='word_1_232' title='bbox 228 2551 330 2592; x_wconf 77' lang='lat' dir='ltr'><em>tum</em></span> <span class='ocrx_word' id='word_1_233' title='bbox 358 2550 594 2594; x_wconf 78' lang='lat' dir='ltr'><em>ClVatMo</em></span> <span class='ocrx_word' id='word_1_234' title='bbox 625 2550 693 2593; x_wconf 80' lang='lat' dir='ltr'><em>Re</em></span> <span class='ocrx_word' id='word_1_235' title='bbox 744 2552 750 2605; x_wconf 93' lang='grc' dir='ltr'>Ι</span> <span class='ocrx_word' id='word_1_236' title='bbox 798 2549 970 2604; x_wconf 78' lang='grc' dir='ltr'><em>θάρρει</em></span> <span class='ocrx_word' id='word_1_237' title='bbox 1001 2551 1166 2606; x_wconf 80' lang='lat' dir='ltr'>scripsi</span> <span class='ocrx_word' id='word_1_238' title='bbox 1198 2564 1222 2594; x_wconf 84' lang='lat' dir='ltr'>e</span> <span class='ocrx_word' id='word_1_239' title='bbox 1253 2550 1497 2595; x_wconf 79' lang='lat' dir='ltr'><strong><em>ManVat</em></strong></span> <span class='ocrx_word' id='word_1_240' title='bbox 1563 2549 1739 2605; x_wconf 83' lang='grc' dir='ltr'><em>θάρρεῑ</em></span> <span class='ocrx_word' id='word_1_241' title='bbox 1762 2552 1846 2594; x_wconf 89' lang='lat' dir='ltr'><em>Mo</em></span> 
     </span>
     <span class='ocr_line' id='line_1_31' title="bbox 228 2607 1921 2665; baseline 0 -13"><span class='ocrx_word' id='word_1_242' title='bbox 228 2611 402 2663; x_wconf 81' lang='grc' dir='ltr'><em>θαρρεῖ</em></span> <span class='ocrx_word' id='word_1_243' title='bbox 429 2609 498 2653; x_wconf 79' lang='lat' dir='ltr'><em>Re</em></span> <span class='ocrx_word' id='word_1_244' title='bbox 622 2613 674 2652; x_wconf 86' lang='lat'><em>13</em></span> <span class='ocrx_word' id='word_1_245' title='bbox 707 2607 735 2664; x_wconf 82' lang='grc' dir='ltr'>ἢ</span> <span class='ocrx_word' id='word_1_246' title='bbox 763 2611 851 2652; x_wconf 82' lang='grc' dir='ltr'><em>Μα</em></span> <span class='ocrx_word' id='word_1_247' title='bbox 884 2610 965 2653; x_wconf 81' lang='lat' dir='ltr'>sed</span> <span class='ocrx_word' id='word_1_248' title='bbox 996 2609 1046 2652; x_wconf 88' lang='lat' dir='ltr'><em>in</em></span> <span class='ocrx_word' id='word_1_249' title='bbox 1077 2609 1105 2665; x_wconf 85' lang='grc' dir='ltr'><em>ἡ</em></span> <span class='ocrx_word' id='word_1_250' title='bbox 1139 2624 1239 2654; x_wconf 86' lang='lat' dir='ltr'>corr</span> <span class='ocrx_word' id='word_1_251' title='bbox 1268 2609 1351 2664; x_wconf 81' lang='lat' dir='ltr'><em>m²‚</em></span> <span class='ocrx_word' id='word_1_252' title='bbox 1378 2610 1465 2653; x_wconf 80' lang='lat' dir='ltr'><em>Vat</em></span> <span class='ocrx_word' id='word_1_253' title='bbox 1587 2614 1641 2652; x_wconf 87' lang='grc'><em>16</em></span> <span class='ocrx_word' id='word_1_254' title='bbox 1673 2607 1808 2652; x_wconf 84' lang='grc' dir='ltr'><em>τοῦτό</em></span> <span class='ocrx_word' id='word_1_255' title='bbox 1838 2622 1921 2653; x_wconf 88' lang='grc' dir='ltr'><em>σου</em></span> 
     </span>
     <span class='ocr_line' id='line_1_32' title="bbox 229 2667 1918 2725; baseline 0 -15"><span class='ocrx_word' id='word_1_256' title='bbox 229 2667 396 2723; x_wconf 80' lang='lat' dir='ltr'>scripsi</span> <span class='ocrx_word' id='word_1_257' title='bbox 422 2681 446 2711; x_wconf 83' lang='lat' dir='ltr'>c</span> <span class='ocrx_word' id='word_1_258' title='bbox 471 2669 560 2712; x_wconf 88' lang='lat' dir='ltr'><em>Ma</em></span> <span class='ocrx_word' id='word_1_259' title='bbox 573 2669 662 2713; x_wconf 83' lang='lat' dir='ltr'><em>Vat</em></span> <span class='ocrx_word' id='word_1_260' title='bbox 692 2681 796 2710; x_wconf 90' lang='lat' dir='ltr'><em>cum</em></span> <span class='ocrx_word' id='word_1_261' title='bbox 828 2668 1037 2712; x_wconf 83' lang='lat' dir='ltr'>Iacobsio</span> <span class='ocrx_word' id='word_1_262' title='bbox 1062 2669 1168 2725; x_wconf 89' lang='lat' dir='ltr'><em>App</em></span> <span class='ocrx_word' id='word_1_263' title='bbox 1194 2669 1305 2712; x_wconf 90' lang='lat' dir='ltr'>Pors</span> <span class='ocrx_word' id='word_1_264' title='bbox 1339 2673 1424 2711; x_wconf 80' lang='lat'><em>329</em></span> <span class='ocrx_word' id='word_1_265' title='bbox 1457 2668 1596 2711; x_wconf 74' lang='lat' dir='ltr'>Anth.</span> <span class='ocrx_word' id='word_1_266' title='bbox 1623 2668 1719 2711; x_wconf 83' lang='lat' dir='ltr'>Pal.</span> <span class='ocrx_word' id='word_1_267' title='bbox 1745 2667 1808 2710; x_wconf 91' lang='lat' dir='ltr'><em>III</em></span> <span class='ocrx_word' id='word_1_268' title='bbox 1832 2672 1918 2711; x_wconf 86' lang='lat'><em>495</em></span> 
     </span>
     <span class='ocr_line' id='line_1_33' title="bbox 231 2725 1919 2782; baseline 0 -13"><span class='ocrx_word' id='word_1_269' title='bbox 231 2725 372 2769; x_wconf 86' lang='lat' dir='ltr'>Schul</span> <span class='ocrx_word' id='word_1_270' title='bbox 406 2728 452 2769; x_wconf 79' lang='lat' dir='ltr'><em>et</em></span> <span class='ocrx_word' id='word_1_271' title='bbox 485 2726 665 2770; x_wconf 72' lang='lat' dir='ltr'>Sinteni</span> <span class='ocrx_word' id='word_1_272' title='bbox 737 2734 818 2770; x_wconf 88' lang='grc' dir='ltr'><em>τοῦ</em></span> <span class='ocrx_word' id='word_1_273' title='bbox 851 2725 988 2770; x_wconf 89' lang='grc' dir='ltr'><em>τόσου</em></span> <span class='ocrx_word' id='word_1_274' title='bbox 1016 2727 1155 2772; x_wconf 78' lang='lat' dir='ltr'><em>GlMo</em></span> <span class='ocrx_word' id='word_1_275' title='bbox 1187 2727 1254 2771; x_wconf 79' lang='lat' dir='ltr'><em>Re</em></span> <span class='ocrx_word' id='word_1_276' title='bbox 1391 2731 1445 2770; x_wconf 88' lang='lat'><em>18</em></span> <span class='ocrx_word' id='word_1_277' title='bbox 1475 2725 1612 2770; x_wconf 85' lang='grc' dir='ltr'><em>τοῦτό</em></span> <span class='ocrx_word' id='word_1_278' title='bbox 1639 2741 1721 2771; x_wconf 90' lang='grc' dir='ltr'><em>σου</em></span> <span class='ocrx_word' id='word_1_279' title='bbox 1754 2727 1919 2782; x_wconf 82' lang='lat' dir='ltr'>scripsi</span> 
     </span>
     <span class='ocr_line' id='line_1_34' title="bbox 231 2784 1917 2831; baseline 0 -3"><span class='ocrx_word' id='word_1_280' title='bbox 231 2798 256 2828; x_wconf 80' lang='lat' dir='ltr'>e</span> <span class='ocrx_word' id='word_1_281' title='bbox 282 2786 434 2830; x_wconf 80' lang='lat' dir='ltr'><em>GlVat</em></span> <span class='ocrx_word' id='word_1_282' title='bbox 463 2799 569 2829; x_wconf 86' lang='lat' dir='ltr'><em>cum</em></span> <span class='ocrx_word' id='word_1_283' title='bbox 598 2785 811 2829; x_wconf 85' lang='lat' dir='ltr'>Iacobsio</span> <span class='ocrx_word' id='word_1_284' title='bbox 838 2788 884 2829; x_wconf 74' lang='lat' dir='ltr'><em>et</em></span> <span class='ocrx_word' id='word_1_285' title='bbox 909 2786 1089 2830; x_wconf 78' lang='lat' dir='ltr'>Sinteni</span> <span class='ocrx_word' id='word_1_286' title='bbox 1151 2785 1285 2831; x_wconf 87' lang='grc' dir='ltr'><em>τοῦτό</em></span> <span class='ocrx_word' id='word_1_287' title='bbox 1319 2801 1390 2830; x_wconf 92' lang='grc' dir='ltr'><em>σοι</em></span> <span class='ocrx_word' id='word_1_288' title='bbox 1415 2787 1504 2830; x_wconf 88' lang='lat' dir='ltr'><em>Ma</em></span> <span class='ocrx_word' id='word_1_289' title='bbox 1563 2793 1645 2829; x_wconf 85' lang='grc' dir='ltr'><em>τοῦ</em></span> <span class='ocrx_word' id='word_1_290' title='bbox 1677 2784 1814 2829; x_wconf 89' lang='grc' dir='ltr'><em>τόσου</em></span> <span class='ocrx_word' id='word_1_291' title='bbox 1834 2787 1917 2829; x_wconf 88' lang='lat' dir='ltr'><em>Mo</em></span> 
     </span>
     <span class='ocr_line' id='line_1_35' title="bbox 230 2841 1918 2902; baseline 0.001 -16"><span class='ocrx_word' id='word_1_292' title='bbox 230 2844 298 2887; x_wconf 80' lang='lat' dir='ltr'><em>Re</em></span> <span class='ocrx_word' id='word_1_293' title='bbox 443 2849 496 2887; x_wconf 89' lang='lat'><em>19</em></span> <span class='ocrx_word' id='word_1_294' title='bbox 535 2844 778 2899; x_wconf 84' lang='grc' dir='ltr'><em>τυράννων</em></span> <span class='ocrx_word' id='word_1_295' title='bbox 803 2846 949 2890; x_wconf 83' lang='lat' dir='ltr'><em>MaCl</em></span> <span class='ocrx_word' id='word_1_296' title='bbox 989 2845 1070 2888; x_wconf 87' lang='lat' dir='ltr'>sed</span> <span class='ocrx_word' id='word_1_297' title='bbox 1109 2845 1157 2888; x_wconf 92' lang='lat' dir='ltr'><em>in</em></span> <span class='ocrx_word' id='word_1_298' title='bbox 1196 2846 1285 2889; x_wconf 88' lang='lat' dir='ltr'><em>hoc</em></span> <span class='ocrx_word' id='word_1_299' title='bbox 1318 2841 1447 2900; x_wconf 87' lang='grc' dir='ltr'><em>οἶμαι</em></span> <span class='ocrx_word' id='word_1_300' title='bbox 1478 2844 1675 2888; x_wconf 82' lang='grc' dir='ltr'><em>τιτάνων</em></span> <span class='ocrx_word' id='word_1_301' title='bbox 1707 2844 1918 2902; x_wconf 84' lang='grc' dir='ltr'><em>βούλεται</em></span> 
     </span>
     <span class='ocr_line' id='line_1_36' title="bbox 230 2901 1032 2960; baseline 0.002 -14"><span class='ocrx_word' id='word_1_302' title='bbox 230 2901 377 2959; x_wconf 77' lang='grc' dir='ltr'><em>λέγειν</em></span> <span class='ocrx_word' id='word_1_303' title='bbox 407 2903 456 2946; x_wconf 91' lang='lat' dir='ltr'><em>in</em></span> <span class='ocrx_word' id='word_1_304' title='bbox 488 2918 620 2960; x_wconf 84' lang='lat' dir='ltr'>marg</span> <span class='ocrx_word' id='word_1_305' title='bbox 681 2902 910 2960; x_wconf 82' lang='grc' dir='ltr'><em>γιγάντων</em></span> <span class='ocrx_word' id='word_1_306' title='bbox 943 2905 1032 2948; x_wconf 80' lang='lat' dir='ltr'><em>Vat</em></span> 
     </span>
    </p>
   </div>
  </div>
 </body>
</html>
