2044 3168
273 137 381 194 356
717 143 980 202 [LIBANIIJ
1015 142 1405 188 DECLAMATIO
1438 142 1515 186 xL

271 277 355 330 62.
396 278 626 341 τούτους
664 279 964 347 μετήλλαξα
1003 281 1133 342 τοὺς
1171 281 1373 348 λόγους
1404 277 1528 347 ἐγώ,
1567 279 1764 341 ταύτας
1803 281 1959 348 μετή-

269 376 435 436 μειψα
473 368 568 429 τὰς
599 367 802 437 φωνάς,
842 369 1173 437 τηλικαύτην
1206 367 1432 432 ἀδοξίαν
1463 370 1688 420 ἔπαυσα.
1729 366 1818 420 καὶ
1852 375 1959 421 νῦν

269 457 329 508 τό
375 475 432 508 τε
479 464 573 525 τῆς
620 459 803 526 φήμης
856 458 1056 526 πικρὸν
1108 454 1361 525 ἔσβεσται
1415 455 1505 510 καὶ
1554 455 1668 510 οὔτ’
1722 454 1814 526 ἐμὲ
1860 457 1958 510 τὸν

269 547 471 614 πατέρα
514 545 641 598 οὔτε
679 548 810 608 τοὺς
850 548 1076 608 λοιποὺς
1114 553 1214 598 τοῦ
1262 544 1458 613 γένους
1506 544 1633 599 οὔθ’
1679 545 1820 615 ὑμᾶς
1862 546 1957 598 αὐ-

223 655 242 687 5
267 636 396 696 τοὺς
436 632 554 687 οὐδ’
602 633 672 687 ἂν
709 644 820 687 τῶν
858 635 1006 688 πάνυ
1047 639 1340 704 φιλαιτίων
1378 632 1493 704 ἔχοι
1533 654 1615 696 τις
1655 636 1956 702 αἰτιᾶσθαι,

268 719 384 776 ἀλλ’
431 720 546 776 ἔστι
586 727 761 786 πολὺς
801 719 962 786 οὗτος
1002 723 1030 777 ὁ
1065 725 1224 793 λόγος
1262 725 1408 793 παρὰ
1440 733 1555 786 τοῖς
1587 723 1779 792 ξένοις,
1810 725 1958 793 παρὰ

266 820 380 874 τοῖς
419 811 775 881 αὐτόχθοσιν,
815 810 903 865 ἐπὶ
942 813 1214 881 θεάτρων,
1255 812 1337 866 ἐπ’
1383 812 1602 881 ἀγορᾶς,
1642 811 1725 866 ἐπ’
1770 811 1956 882 ἐκκλη-

267 903 411 969 σίας,
459 901 532 964 ὡς
577 902 677 954 οὐκ
723 899 793 970 ἦν
839 903 946 972 ἄρα
993 901 1079 955 ἐπὶ
1126 904 1338 972 μακρὸν
1385 904 1652 970 λήσεσθαι
1699 904 1828 966 τοὺς
1867 901 1955 955 ἐπὶ

264 990 519 1059 τοιαύτης
573 991 896 1060 ὑβρίζοντας
949 994 1155 1054 πόλεως
1211 988 1342 1045 οὐδὲ
1401 992 1538 1060 πρὸς
1592 992 1956 1062 δημοκρατίας

177 1083 297 1128 RIV
315 1089 399 1129 605
448 1079 590 1133 οὕτω
627 1078 633 1152 Ι
669 1089 870 1150 σεμνῆς
923 1082 1287 1150 περιόψεσθαι
1345 1081 1406 1134 τὸ
1461 1081 1650 1133 δεινὸν
1702 1080 1955 1150 ὑφέρπον

199 1191 237 1223 11
264 1187 322 1221 τε
375 1167 465 1222 καὶ
522 1170 876 1239 λωβώμενον,
933 1168 1050 1222 ἀλλ’
1106 1169 1134 1222 ὁ
1185 1168 1575 1237 συζευξάμενος
1626 1170 1723 1223 τὸν
1777 1171 1955 1240 γάμον

263 1259 440 1327 πατὴρ
487 1257 578 1311 καὶ
628 1260 693 1311 τὰ
739 1259 945 1327 πατρὸς
993 1259 1216 1328 ἐτήρησε
1261 1259 1349 1311 καὶ
1397 1258 1661 1328 ὁμόγνιον
1699 1262 1812 1312 Διά
1862 1257 1952 1312 καὶ

251 1345 433 1417 ’Ήραν
474 1350 738 1416 συζυγίαν
778 1347 994 1416 ἐτίμησε
1033 1349 1303 1417 πρότερον
1342 1348 1428 1400 καὶ
1480 1356 1587 1400 νῦν
1627 1343 1788 1411 οὗτος
1825 1349 1954 1412 τούς

263 1453 320 1488 τε
359 1443 459 1489 τοῦ
499 1435 696 1505 γένους
734 1440 835 1506 τήν
873 1457 931 1490 τε
969 1439 1133 1490 πόλιν
1173 1437 1394 1500 ἀδοξίας
1441 1437 1507 1490 οὐ
1547 1445 1642 1506 τῆς
1680 1439 1952 1508 τυχούσης

196 1547 238 1579 15
263 1523 492 1588 ἐξείλετο
533 1525 623 1578 καὶ
663 1526 853 1595 γάμων
891 1526 1056 1594 ύβριν
1096 1524 1316 1590 ἐξέκοψε
1349 1527 1439 1579 καὶ
1472 1527 1597 1580 ούτε
1629 1535 1724 1594 τῆς
1755 1528 1952 1590 παιδὸς

262 1613 572 1682 ὑπεισῆλθέ
605 1635 688 1677 τις
727 1609 908 1678 οἶκτος
946 1615 1119 1668 αὐτὸν
1159 1612 1284 1668 οὔθ’
1332 1616 1433 1668 ὅσα
1472 1614 1553 1684 ἐφ’
1603 1609 1684 1678 οἷς
1722 1614 1953 1686 ἔτρεφεν

262 1701 479 1771 ἐκείνην
519 1702 802 1757 ἀνάλωσεν
842 1702 1048 1772 ἐπῆλθε
1095 1710 1170 1776 τῷ
1220 1708 1461 1777 λογισμῷ
1496 1704 1623 1757 οὐθ’
1672 1706 1744 1767 ὡς
1784 1703 1950 1758 οὐδεν

260 1791 510 1861 πατέρων
565 1794 877 1862 ὀφθαλμοῖς
931 1794 1162 1860 γλύκιον
1214 1801 1313 1846 τοῦ
1367 1795 1566 1856 παῖδας
1622 1793 1760 1863 ὁρᾶν
1805 1792 1951 1862 ἔχειν

261 1878 556 1949 ἐσκέψατο,
576 1880 692 1934 ἀλλ’
733 1881 985 1951 ὑπερεῖδε
1017 1892 1296 1951 πατρικῶν
1329 1883 1655 1951 σπλάγχνων
1688 1883 1948 1952 ἀνάγκην,

195 1991 238 2024 20
260 1968 514 2040 ὑπερεῖδε
555 1972 682 2033 τοὺς
722 1968 810 2023 ἐπὶ
847 1972 1218 2042 παιδοτροφίᾳ
1258 1973 1481 2041 πόνους,
1522 1973 1623 2025 οὐκ
1664 1972 1948 2041 ἐλογίσατο

259 2059 360 2126 τὴν
413 2057 538 2126 περὶ
594 2061 723 2122 τοὺς
777 2060 985 2129 γάμους
1033 2061 1309 2129 δαπάνην,
1362 2061 1462 2114 οὐκ
1509 2059 1771 2124 ἐσκέψατο
1818 2063 1948 2124 τοὺς

258 2146 540 2214 μετέπειτα
577 2149 777 2210 παῖδας
817 2148 914 2212 οὓς
955 2145 1098 2218 εἶχεν
1137 2150 1230 2217 άν,
1279 2152 1329 2202 εἰ
1371 2153 1444 2218 μὴ
1493 2152 1594 2219 τὴν
1640 2152 1812 2220 κόρην
1851 2148 1948 2219 ἐφ’

260 2229 343 2298 οἷς
382 2229 490 2290 εἷλε
529 2238 982 2307 μετεπορεύσατο,
1024 2237 1137 2290 ἀλλ’
1179 2236 1266 2290 ἐπὶ
1299 2241 1426 2301 τοὺς
1466 2241 1667 2306 νόμους
1699 2241 1945 2306 ἔβλεψεν,

379 2372 400 2410 1
435 2367 584 2412 Nonn.
619 2367 752 2412 Dion.
786 2368 848 2411 IV
883 2373 965 2411 182
1090 2374 1141 2413 11
1188 2369 1344 2425 Sopat.
1379 2369 1408 2413 1.
1442 2369 1471 2413 1.
1505 2384 1549 2426 p.
1576 2373 1757 2424 231,20
1776 2384 1843 2425 sq.

261 2431 313 2469 12
346 2427 452 2470 Eur.
487 2428 628 2471 Andr.
654 2431 753 2470 921.
789 2428 925 2471 Arist.
958 2441 1056 2471 ran.
1086 2433 1183 2472 750.
1227 2428 1347 2471 Plat.
1382 2428 1472 2484 leg.
1496 2428 1559 2471 IX
1590 2444 1635 2484 p.
1662 2433 1744 2472 881
1765 2429 1803 2472 D

257 2490 312 2588 ἐξ
347 2486 788 2602 ἓῖἰεξῢ.θῃέῐ).181ξ3ῗς
821 2501 918 2530 ran.
945 2492 1042 2530 844.
1079 2492 1205 2531 1006.
1240 2488 1343 2531 Eur.
1379 2486 1503 2543 Cycl.
1529 2493 1614 2532 424
1751 2493 1805 2532 23
1838 2489 1942 2544 Lys.

311 2579 320 2588 ι
488 2574 509 2588 Η
579 2580 587 2588 ο
707 2580 717 2600 ’

379 2668 400 2706 1
434 2662 686 2719 μετήλλαξα
711 2664 836 2707 BVa
972 2669 996 2708 3
1030 2662 1130 2708 τότε
1165 2667 1231 2710 Va
1281 2667 1287 2722 Ι
1336 2665 1501 2721 μικρὸν
1527 2666 1651 2710 BVa
1791 2671 1816 2709 6
1849 2667 1941 2711 ἔστι

257 2720 420 2777 scripsi
446 2723 553 2790 e·Vi
616 2721 679 2765 ἔτι
692 2723 1018 2805 ΙΙᾸΡαΜαΟΙΒ
1031 2724 1098 2767 Va
1122 2724 1213 2767 edd
1335 2729 1358 2767 7
1391 2723 1596 2778 θεάτρου
1615 2725 1827 2800 {lffqCWi
1925 2784 1941 2809 3

259 2784 313 2823 ¹⁰
346 2782 934 2884 '1²3⁶‘22’325‘33‘133‘ffiff0‘12
968 2782 1033 2897 R?
1050 2781 1466 2900 ὀιιῖἓφῗρῖἒντὲῗῆ
1505 2783 1839 2895 3303a¹23¹135⁸
1871 2800 1917 2827 ¹¹¹

258 2902 312 2940 16
344 2899 597 2954 ὑπεισῆλθε
628 2896 698 2949 τίς
723 2899 866 2943 MaCl
882 2901 933 2944 Vi
1055 2906 1108 2944 18
1139 2908 1221 2945 τοῦ
1250 2903 1338 2944 Μα
1369 2901 1449 2944 sed
1482 2908 1508 2943 ὓ
1534 2902 1579 2944 in
1606 2915 1680 2944 ras
1703 2901 1773 2945 m²
1831 2903 1940 2952 τοὺς

258 2957 378 3000 CW
359 2972 376 3001 ι
404 2960 411 3014 Ι
439 2957 555 3012 ὁρᾶν
588 2957 707 3015 ἔχειν
741 2956 965 3015 ἐσκέψατο
998 2959 1046 3002 in
1077 2974 1151 3002 ras
1180 2959 1290 3003 Ma⁸
