2044 3168
283 156 391 210 352
728 156 996 217 [LIBANII]
1029 157 1419 203 DECLAMATIO
1452 158 1531 202 XL

281 295 539 346 καιότατα
577 292 876 362 πέπτωκεν,
916 289 958 347 ὦ
1000 296 1070 347 σὺ
1109 293 1199 347 καὶ
1231 291 1370 364 ὑπὲρ
1402 295 1462 347 τὸ
1496 293 1626 348 δέον
1657 296 1972 366 φιλάνθρω-

274 370 370 446 ’πε;
403 384 451 435 εἰ
485 379 532 434 δ’
566 382 730 452 ἐχρῆν
761 384 1023 452 τοιαύτην
1055 386 1329 452 πονηρίαν
1362 383 1588 447 ἐκκόψαι
1620 391 1715 452 τῆς
1745 387 1972 453 πόλεως,

282 472 446 534 αὐτὸς
486 470 590 540 ἐγὼ
623 473 759 541 πρὸς
791 470 1007 525 ἐκείνου
1039 477 1335 542 τηλικαῦτα
1367 473 1775 543 περιύβρισμαι,
1807 474 1972 538 αὐτὸς

282 559 386 627 ἐγὼ
435 562 493 613 τὸ
542 562 738 613 λοιπὸν
792 560 883 614 καὶ
938 565 1116 624 καλῶς
1168 562 1465 630 ἠμυνάμην
1511 562 1600 615 καὶ
1648 573 1824 626 κακῶς
1869 563 1972 617 ὑπ’

235 670 254 702 5
281 647 495 702 ἐκείνου
533 651 735 703 παθὼν
774 651 839 703 οὐ
880 660 1058 713 κακῶς
1096 648 1367 719 ἐπήνεγκα
1406 650 1496 704 καὶ
1539 652 1641 720 τὴν
1680 652 1842 720 δίκην
1879 651 1971 706 καὶ

281 739 441 806 ἄμφω
490 747 585 808 τῆς
630 738 690 792 ἐκ
737 747 835 792 τοῦ
884 743 979 808 ζῆν
1026 739 1247 803 ἀδοξίας
1293 737 1522 808 ἔπαυσα,
1561 740 1650 793 καὶ
1694 748 1857 793 τοῦτο
1908 742 1969 795 τὸ

192 831 310 875 RIV
328 837 413 876 602
459 826 622 897 μέρος
663 827 863 882 ἐκεῖνοι
909 827 999 881 καὶ
1049 831 1308 892 πεσόντες
1343 826 1349 899 Ι
1384 828 1509 899 παρ’
1554 828 1711 898 ἡμῶν
1749 830 1971 900 εὐηργέ-

279 936 483 984 τηνται.
523 920 582 970 τί
615 919 719 987 γὰρ
761 917 831 970 ἂν
868 926 968 971 τοῦ
1014 927 1191 980 κακῶς
1237 917 1327 971 καὶ
1374 904 1488 985 μετ’
1532 919 1795 988 αἰσχύνης
1838 921 1970 986 βιῶ-

279 1026 371 1058 ναι
418 1005 599 1074 λέγειν
644 1004 759 1076 ἔχοι
813 1027 896 1069 τις
950 1007 1188 1076 α’ίσχιον;
1258 1006 1343 1059 53.
1393 1009 1439 1060 εἰ
1487 1004 1534 1060 δ’
1584 1006 1782 1060 ἐκεῖνοι
1829 1015 1970 1061 νοῦν

212 1120 254 1152 10
280 1104 539 1163 γενναῖον
595 1095 897 1164 ἐτύγχανον
952 1093 1167 1165 ἔχοντες
1207 1097 1296 1148 καὶ
1337 1097 1603 1165 λογισμὸν
1643 1095 1700 1148 ἐκ
1747 1116 1967 1166 μεταμε-

279 1185 427 1246 λείας
477 1183 861 1254 ἀνελάμβανον
909 1187 1198 1255 σώφρονα,
1253 1185 1352 1237 οὐκ
1407 1185 1478 1238 ἂν
1533 1184 1761 1248 ἑαυτοὺς
1810 1185 1968 1239 αὐτοὶ

278 1272 435 1327 τοῦθ’
493 1274 626 1342 ὅπερ
680 1275 835 1344 ἡμεῖς
887 1275 1054 1327 πάλαι
1107 1275 1429 1343 προῦλαβον
1482 1275 1806 1343 δράσαντες,
1863 1273 1968 1339 ἐξό-

277 1381 478 1432 τουπερ
518 1371 764 1432 πανταχῆ
804 1364 865 1416 τὸ
906 1365 1077 1417 κακὸν
1117 1364 1588 1416 διακεκωδώνιστο
1621 1361 1711 1416 καὶ
1744 1365 1810 1416 τά
1840 1364 1967 1417 κάλ-

279 1456 438 1505 λιστα
475 1463 587 1505 τῶν
627 1453 916 1521 ὀνομάτων
955 1454 1033 1515 εἰς
1071 1454 1137 1505 τὰ
1175 1453 1399 1506 πάντων
1436 1453 1627 1521 αἰσχίω
1667 1451 1967 1521 μετέβαλον

212 1565 252 1597 15
278 1539 399 1594 ἀντὶ
439 1539 540 1608 μὲν
585 1543 835 1611 νυμφίου
882 1543 1095 1611 μοιχός,
1144 1540 1266 1594 ἀντὶ
1315 1541 1376 1594 δὲ
1423 1542 1685 1608 γυναικὸς
1731 1540 1966 1609 ἐννόμου

276 1631 365 1683 καὶ
405 1628 694 1701 σώφρονος
734 1630 1032 1693 ἀκόλαστος
1071 1629 1161 1683 καὶ
1201 1638 1295 1698 τῆς
1335 1630 1496 1699 εὐνῆς
1535 1630 1793 1699 προδότις
1832 1629 1964 1683 ἀπο-

274 1721 628 1789 καλούμενοι;
698 1719 784 1773 54.
822 1723 1123 1782 πόσοιτοῦ
1169 1728 1346 1781 κακῶς
1393 1718 1624 1771 ἀκοῦσαι
1670 1720 1731 1772 τὸ
1777 1718 1966 1788 μηκέτι

277 1811 372 1877 ζῆν
411 1807 828 1877 ἀντηλλάξαντο.
875 1810 980 1878 ἤδη
1020 1806 1164 1872 τινὲς
1203 1809 1370 1879 ὕβριν
1409 1809 1486 1871 εἰς
1525 1809 1585 1861 τὸ
1619 1817 1772 1877 σῶμα
1812 1807 1964 1872 δεξά-

275 1916 431 1964 μενοι
471 1900 565 1968 βίᾳ
604 1898 772 1967 τυχὸν
811 1899 1087 1967 πολεμίων
1120 1892 1226 1951 εἶθ’
1266 1898 1374 1950 ὑπὸ
1408 1895 1591 1967 ἑτέρας
1630 1896 1965 1965 ἡστινοσοῦν

210 2010 252 2042 20
278 1985 516 2054 ἀνάγκης
563 1989 824 2040 πίπτουσι
870 1988 1004 2054 μετὰ
1048 1988 1150 2056 τὴν
1195 1987 1362 2057 ὕβριν
1408 1987 1720 2056 αὐτόχειρες
1764 1984 1854 2038 καὶ
1901 1988 1962 2039 τὸ

275 2083 340 2145 τῇ
387 2076 577 2145 γνώμῃ
633 2085 947 2145 σωφρονεῖν
1002 2074 1404 2144 ἐπιβεβαιοῦσι,
1458 2073 1563 2127 κᾶν
1614 2075 1675 2127 τὸ
1731 2083 1884 2143 σῶμα
1930 2075 1963 2142 ἡ
2043 2068 2044 2072 ’

275 2165 412 2234 τύχη
452 2163 781 2232 ἐξεβιάσατο.
827 2166 883 2217 τί
918 2166 1021 2234 γὰρ
1070 2173 1171 2217 τοῦ
1218 2165 1412 2234 μοιχὸν
1458 2158 1599 2216 εἶναι
1647 2164 1798 2215 δοκεῖ
1846 2177 1963 2232 σχε-

395 2315 421 2354 4
455 2310 613 2367 Sopat.
645 2310 674 2354 1.
700 2310 727 2354 1.
754 2326 800 2367 p.
826 2314 926 2365 230,
946 2286 1000 2354 25
1125 2315 1179 2354 16
1210 2310 1486 2354 Anacreont.
1514 2312 1568 2353 58
1583 2310 1689 2367 (52),
1706 2313 1760 2353 20

394 2449 419 2487 2
453 2443 505 2488 δὲ
536 2449 653 2502 χρῆν
686 2445 743 2488 Vi
863 2447 888 2486 3
922 2441 1102 2488 ἐκείνου
1130 2445 1218 2487 Μα
1250 2443 1331 2486 sed
1363 2459 1419 2487 ου
1454 2442 1503 2484 in
1534 2455 1609 2485 ras
1641 2442 1710 2484 m⁸
1831 2447 1858 2486 4
1888 2458 1962 2485 το·-

274 2503 438 2547 λοιπὸν
461 2504 787 2548 LPaMaViB
800 2504 868 2547 Va
900 2502 990 2546 edd
1135 2507 1160 2546 6
1201 2500 1414 2554 εὐδοξίας
1440 2501 1527 2545 Μα
1559 2501 1639 2544 sed
1683 2518 1737 2558 γρ
1771 2499 1962 2554 ἀδοξίας

275 2562 325 2605 in
363 2575 497 2619 marg
526 2562 610 2617 m',
645 2562 698 2607 Ol
745 2564 752 2620 l
801 2562 881 2605 καὶ
921 2562 1085 2617 scripsi
1118 2577 1141 2604 e
1169 2562 1427 2606 MaGlViB
1439 2561 1506 2604 Va
1546 2559 1636 2603 coll
1667 2574 1712 2616 p.
1739 2564 1839 2614 350,
1859 2565 1884 2602 2

276 2620 394 2665 κατὰ
419 2623 537 2666 LPa
569 2621 659 2665 edd
797 2626 819 2665 7
853 2621 933 2664 καὶ
964 2620 1138 2664 inserui
1170 2634 1195 2664 e
1221 2620 1478 2665 MaOlViB
1492 2620 1559 2664 Va
1619 2632 1693 2663 om
1718 2619 1838 2664 LPa
1869 2618 1960 2662 edd

394 2685 420 2723 9
453 2680 688 2738 αἴσχιστον
714 2681 759 2723 Β
898 2685 949 2722 11
988 2678 1181 2730 ἑαυτοὺς
1213 2680 1344 2723 αὐτοὶ
1376 2678 1540 2734 scripsi
1602 2678 1773 2730 αὐτοὺς
1805 2677 1960 2722 ἑαυτοὶ

276 2739 402 2783 BVa
462 2740 633 2790 αὐτοὺς
663 2739 820 2784 {amal
845 2739 1113 2783 LPaMaOl
1174 2739 1343 2788 αὐτοὺς
1365 2737 1478 2782 αὐτὸ
1499 2738 1554 2781 Vi
1615 2737 1748 2782 αὐτοὶ
1781 2736 1961 2786 ἑαυτοῖς

277 2798 367 2842 edd
399 2799 480 2842 sed
516 2799 698 2854 „malim
730 2799 863 2842 αὐτοὶ
897 2797 1118 2849 ἑαυτοὺς“
1151 2797 1219 2841 Re
1342 2801 1394 2839 12
1428 2796 1473 2848 ἐξ
1500 2793 1695 2850 ὅτουπερ
1723 2796 1843 2840 GlVi

278 2861 332 2900 13
364 2859 680 2902 κεκωὸώνιστο
715 2858 772 2902 Vi
892 2861 945 2900 16
977 2854 1206 2912 προδότης
1230 2855 1543 2900 LPaMaGlB
1557 2855 1624 2899 Va
1655 2855 1766 2898 Ferr
1799 2857 1806 2910 Ι
1841 2854 1957 2898 ἀπο-

275 2916 558 2972 καλούμενος
588 2918 714 2961 BVa
858 2919 912 2959 18
956 2915 1269 2971 ἀνηλλάξαντο
1301 2916 1373 2958 Ρα
1518 2918 1571 2956 19
1617 2911 1711 2957 εἴθ’
1744 2914 1818 2957 Ρα

395 2979 450 3018 22
482 2977 640 3019 δοκεῖν
670 2974 780 3018 libri
833 2989 935 3019 corr
966 2975 1076 3018 Feri·
