2044 3168
247 75 353 126 216
654 73 882 119 LIBANII
911 68 1302 119 DECLAMATIO
1335 74 1528 119 XXXVI

244 209 477 278 πένητος
517 218 823 279 συμφορᾶς,
860 213 1143 274 παθόντος
1183 211 1244 264 δὲ
1275 211 1307 264 ἃ
1340 211 1407 279 δὴ
1440 209 1724 264 πέπονθεν
1763 209 1941 265 ἐδόκει
2030 230 2032 234 ’

244 307 319 372 τῷ
351 302 617 372 πλουσίῳ,
657 299 747 352 καὶ
788 299 1209 367 ἀπηλλάττοντο.
1253 299 1336 352 18.
1377 298 1493 352 ἀλλ’
1535 298 1605 353 ἐῶ
1637 307 1826 369 ταῦτα,
1864 301 1937 370 μὴ

246 390 384 452 δόξω
424 388 571 443 τισὶν
611 387 715 442 ἀπὸ
755 396 855 441 τοῦ
896 387 1210 457 πράγματος
1249 388 1444 457 λέγειν.
1487 389 1554 442 τὰ
1598 391 1795 442 τοίνυν
1841 388 1937 459 ἐφ-

244 476 388 546 εξῆς,
445 479 523 540 εἰς
577 475 871 546 ἐκκλησίαν
918 476 1098 530 ἐκάλει
1147 478 1357 540 πάντας
1412 479 1819 547 σεμνυνόμενος
1871 486 1936 548 τῇ

199 587 219 620 5
245 570 464 637 λαμπρᾷ
503 569 657 637 νίκῃ,
705 568 1065 620 συνθεόντων
1105 567 1165 619 δὲ
1205 569 1427 620 πολλῶν
1475 566 1665 636 ἐχώρει
1712 565 1803 619 καὶ
1843 562 1936 620 οὗ-

241 675 333 718 τος
373 654 400 708 ὁ
442 655 622 725 ῥήτωρ
664 653 936 724 ὀψόμενος
974 656 1072 708 τὸν
1112 656 1400 723 σύλλογον.
1443 655 1514 718 ὡς
1554 653 1614 708 δὲ
1655 652 1802 709 εἶδεν
1842 652 1934 711 οὗ·

241 746 332 806 τός
370 763 428 797 τε
466 743 607 812 ὑμᾶς
646 744 736 796 καὶ
776 752 977 797 τοῦτον
1007 743 1180 812 ὑμεῖς,
1222 744 1250 798 ὁ
1283 741 1386 813 μὲν
1421 743 1743 815 ἐδάκρυσεν,
1781 745 1936 812 ὑμεῖς

243 831 291 885 δ’
345 831 633 904 ᾠκτείρατε
679 833 770 885 καὶ
825 835 1086 902 λαβόντες
1133 835 1211 896 είς
1257 831 1483 886 ἔννοιαν
1531 834 1655 887 οἵαν
1702 832 1935 888 ἐδώκατε

241 922 456 991 δωρεὰν
496 923 657 989 δίκην
698 921 1032 992 ἐπράττεσθε
1059 931 1190 975 ’τῶν
1230 921 1620 991 βεβιασμένων.
1693 923 1776 976 19.
1814 925 1935 976 τότε

174 1030 216 1063 10
242 1010 556 1080 ἐθεασάμην
588 1009 881 1079 ἐκκλησίαν
911 1007 1166 1080 ἔννομον,
1193 1013 1370 1080 δῆμον
1402 1010 1721 1082 ἐλεύθερον,
1753 1015 1934 1065 λίθων

238 1099 412 1169 βολὴν
451 1108 515 1170 τῇ
555 1103 803 1171 πολιτείᾳ
842 1099 1179 1171 πρέπουσαν.
1232 1097 1454 1154 ἔπιπτεν
1502 1102 1798 1170 ἅνθρωπος
1846 1100 1932 1155 ἐπὶ

237 1196 337 1242 τοῦ
385 1190 626 1258 βήματος
670 1189 698 1242 ὁ
746 1189 1116 1259 καταισχύνας
1168 1190 1230 1243 τὸ
1285 1192 1432 1259 βῆμα
1485 1196 1559 1263 τῷ
1607 1193 1932 1259 ψηφίσματι.

237 1283 413 1340 καλῶς
452 1278 872 1348 ἀπελογήσασθε
911 1279 1050 1348 πρὸς
1087 1281 1218 1342 τοὺς
1251 1277 1522 1348 ’Έλληνας
1567 1288 1682 1342 τοῖς
1730 1283 1931 1348 λίθοις,

235 1371 415 1430 καλῶς
455 1367 684 1420 ἐλύσατε
722 1368 824 1436 τὴν
864 1366 951 1420 ἐπὶ
990 1376 1084 1437 τῆς
1124 1366 1365 1437 ἀνάγκης
1405 1367 1633 1431 ἀδοξίαν
1678 1377 1794 1432 τοῖς
1842 1368 1930 1422 ἐπὶ

170 1476 212 1509 15
237 1463 333 1525 τῆς
357 1456 543 1520 ἀδείας
573 1454 773 1526 ἔργοις.
807 1455 1044 1521 ἐδείξατε
1075 1465 1175 1511 τοῦ
1207 1465 1403 1529 καιροῦ
1436 1459 1537 1526 τὴν
1566 1459 1929 1528 χειροτονίαν,

236 1546 303 1598 οὐ
343 1552 444 1599 τοῦ
483 1553 578 1614 τῆς
616 1547 828 1608 πόλεως
867 1547 1058 1615 ἤθους.

346 1634 433 1688 20.
465 1633 656 1704 (Ημεῖς
695 1635 797 1704 μὲν
837 1631 941 1688 οὗν
979 1635 1238 1704 ἀλλήλοις
1278 1639 1648 1705 συγχαίρομεν
1685 1643 1785 1688 τοῦ
1824 1641 1928 1689 θυ-

234 1731 342 1793 μοῦ
388 1724 479 1777 καὶ
524 1731 620 1793 τῆς
668 1725 881 1787 δικαίας
927 1723 1095 1794 ὀργῆς
1139 1722 1232 1777 καὶ
1278 1725 1344 1777 τὰ
1391 1725 1613 1778 πάντων
1661 1722 1929 1778 ὁσιώτατα

232 1814 549 1881 νομίζοντες
587 1814 881 1884 εἰργάσθαι
922 1812 1204 1883 διάγομεν,
1243 1820 1317 1886 τῷ
1350 1812 1542 1882 πένητι
1575 1813 1636 1867 δὲ
1665 1814 1727 1866 τὸ
1759 1814 1927 1867 κακὸν

355 1918 407 1958 16
440 1914 571 1958 Dem.
605 1915 801 1959 Timoor.
835 1930 879 1972 p.
907 1919 1006 1970 753,
1027 1919 1081 1959 10
1102 1929 1168 1971 sq.
1203 1914 1260 1959 cf.
1292 1916 1326 1959 t.
1352 1914 1415 1959 VI
1440 1919 1541 1971 357,
1561 1919 1614 1958 18

353 2009 375 2047 1
411 2001 459 2049 δ’
497 2004 654 2049 ῘΤίῑῙΟΖ
774 2008 799 2046 3
834 2003 926 2048 ἄπο
955 2004 1059 2049 ML
1090 2005 1137 2048 ef,
1169 2017 1195 2048 e
1221 2005 1339 2049 Mon
1369 2003 1531 2048 Iacobs
1563 2004 1676 2048 Lect
1709 2008 1793 2048 138
1825 2003 1927 2048 Ach

232 2062 269 2106 Τ
296 2067 380 2107 785
431 2068 438 2120 Ι
486 2061 635 2121 λέγειν
666 2063 792 2107 inser
825 2062 917 2108 Va'
965 2067 971 2119 Ι
1022 2059 1121 2108 εἶτα
1148 2064 1206 2107 Μ
1237 2063 1319 2107 sed
1351 2076 1376 2106 e
1399 2062 1458 2106 τὰ
1489 2077 1591 2107 corr
1620 2078 1664 2121 y,
1700 2065 1799 2108 mu

231 2126 258 2165 4
291 2122 356 2172 εἰς
386 2122 437 2165 in
467 2137 602 2179 marg
635 2122 715 2167 Vi'
857 2126 883 2166 5
921 2139 969 2167 τε
1009 2123 1090 2166 καὶ
1121 2126 1276 2184 μακρᾷ
1318 2125 1426 2179 post
1456 2124 1644 2184 λαμπρᾷ
1670 2124 1732 2167 Μ
1760 2122 1851 2166 edd

231 2181 383 2226 delevi
410 2183 416 2237 Ι
444 2182 741 2227 συνθεόντων
763 2181 833 2226 Va
865 2182 947 2226 sed
979 2197 1003 2225 ο
1036 2196 1092 2226 ex
1124 2199 1158 2226 ω
1192 2196 1293 2226 corr
1323 2181 1393 2225 m²
1454 2179 1778 2226 συνελθόντων
1802 2183 1846 2226 L
1878 2183 1925 2225 eb

229 2239 280 2284 in
311 2254 445 2299 marg
477 2240 557 2285 Vi²
677 2245 702 2284 6
737 2240 760 2285 ὁ
793 2237 943 2297 ῥήτωρ
973 2240 1024 2284 in
1054 2255 1189 2299 marg
1224 2241 1301 2286 Vi²
1326 2241 1333 2299 Ι
1361 2237 1489 2285 οἶδεν
1514 2241 1614 2284 ViII
1736 2246 1761 2284 8
1795 2242 1846 2285 δὲ
1873 2242 1927 2287 Ol

234 2299 240 2358 Ι
276 2298 385 2346 οἵαν
415 2300 602 2356 reposui
634 2314 658 2344 e
682 2300 816 2344 libris
877 2298 936 2356 ἣν
969 2301 1061 2344 edd
1182 2305 1207 2343 9
1241 2298 1322 2345 τὸν
1346 2299 1647 2359 βεβιασμένον
1675 2301 1737 2344 M
1743 2301 1924 2346 ViIIVa

230 2358 314 2403 sed
343 2359 394 2403 in
424 2359 514 2403 hoo
545 2366 607 2403 τῶ
640 2356 922 2418 βεβιασμένω
956 2374 1171 2416 suprascr
1194 2359 1264 2403 m²
1323 2366 1384 2403 τῶ
1417 2358 1699 2418 βεβιασμένω
1726 2361 1772 2404 Β
1831 2367 1924 2404 τῶν

230 2416 521 2477 βεβιωμένων
555 2419 612 2462 Vi
645 2421 650 2475 Ι
690 2416 783 2462 τότ’
815 2419 1003 2463 LaViH
1125 2424 1179 2464 10
1213 2418 1410 2475 εὔνομον
1442 2418 1543 2462 Mor
1664 2423 1716 2462 11
1750 2418 1923 2475 βουλὴν

229 2478 306 2522 La
333 2479 339 2532 Ι
368 2476 621 2532 ἅνθρωπος
652 2476 817 2534 scripsi
878 2477 1134 2532 ἄνθρωπος
1158 2478 1423 2535 (ἄνθρωποι
1447 2478 1539 2534 La)
1570 2476 1679 2520 libri
1713 2477 1803 2521 edd

232 2541 284 2579 13
319 2535 668 2592 ἀπελογήσασθε
694 2563 751 2568 -
774 2534 929 2588 λίθοις
969 2537 1019 2580 in
1050 2550 1184 2595 marg
1209 2538 1284 2581 La
1311 2539 1317 2593 Ι
1346 2535 1697 2593 ἀπελογήσασθε
1729 2537 1800 2580 Va
1839 2537 1922 2580 sed

228 2613 256 2651 η
283 2609 338 2639 ex
362 2612 378 2639 ι
403 2609 504 2639 corr
528 2595 597 2638 m²
720 2599 773 2638 14
809 2597 900 2652 „sic
922 2597 1174 2654 distinyuo:
1201 2594 1409 2648 ἀδοξίαν.
1435 2602 1533 2645 τοῖς
1558 2596 1632 2640 ἐπὶ
1656 2602 1736 2652 τῆς
1760 2594 1923 2646 ἀδείας

231 2654 380 2710 ἔργοις
412 2652 642 2706 ἐδείξατε“
674 2654 743 2699 Re
887 2659 942 2699 15
984 2655 1125 2707 ἔδειξε
1151 2656 1294 2700 LaVz·
1326 2654 1406 2698 secl
1438 2655 1487 2697 in
1519 2655 1606 2698 hoe
1638 2653 1841 2707 ἐδείξατε
1871 2654 1921 2697 in

228 2727 362 2771 marg
392 2713 476 2768 m²‚
510 2714 578 2758 Va
611 2713 764 2757 sedin
791 2711 993 2766 ἐδείξατε
1023 2728 1123 2758 corr
1146 2715 1215 2758 m²
1339 2719 1392 2758 16
1426 2713 1578 2768 ἤθους
1602 2714 1660 2757 Μ
1691 2714 1772 2758 sed
1803 2731 1831 2770 η
1865 2727 1921 2758 ex

229 2846 249 2874 ε
281 2844 383 2874 corr
412 2845 443 2888 y
573 2836 625 2874 17
659 2838 830 2887 μενοῦν
858 2833 920 2876 Μ
939 2831 1029 2875 edd
1057 2834 1064 2889 Ι
1090 2803 1340 2888 τῖὸυθυμὲιυ
1354 2832 1433 2875 καὶ
1471 2789 1552 2888 vg?
1568 2804 1755 2876 δικαίῖς
1782 2789 1920 2888 ὀργΊΐΙς

228 2890 352 2935 LVa
411 2897 473 2934 τῶ
504 2893 642 2946 θυμῶ
668 2891 748 2934 καὶ
772 2898 827 2948 τῆ
852 2889 1015 2936 δικαία
1039 2890 1152 2948 ὀργῆ
1171 2892 1246 2936 La
1257 2893 1314 2937 Vi
1434 2894 1490 2934 18
1511 2890 1674 2935 ,πάντα
1701 2892 1800 2935 ViII

220 2954 283 2992 -19
317 2947 607 3006 ἐργάσασθαι
633 2950 732 2995 Vin
760 2951 766 3006 Ι
794 2948 1026 3006 διάγωμεν
1050 2951 1126 2995 La
1153 2952 1160 3006 Ι
1186 2950 1330 2996 καλὸν
1349 2951 1408 2996 -Gl
