2044 3168
865 546 1167 600 XXXVIII.

156 670 340 736 Φήμη
380 662 457 734 ἦν
497 677 800 720 συνεῖναι
846 666 962 720 τὸν
1004 668 1335 720 πλούσιον
1380 675 1453 737 τῇ
1502 674 1617 719 τοῦ
1657 666 1847 735 πένη-

152 775 260 818 τος
307 757 586 824 γυναικί.
640 752 882 824 ἔθηκεν
920 755 950 808 6
995 754 1195 824 πένης
1240 757 1449 825 νόμον
1494 757 1849 809 κελεύοντα

153 846 306 907 τοὺς
334 846 609 915 μοιχοὺς
640 843 955 915 ἀκρίτους
985 844 1481 898 ἀποκτιννύναι.
1522 844 1848 914 ἐγράψατο

154 933 183 987 6
224 934 554 996 πλούσιος.
595 927 726 986 εἷλε
766 931 872 986 καὶ
911 937 1127 1004 κρίνει
1167 933 1367 987 αὐτὸν
1405 933 1434 988 6
1471 929 1669 1002 πένης
1707 953 1847 1001 μοι-

902 1025 1095 1092 χείας.
1895 1044 1918 1077 ⁸

820 1154 897 1208 Ἡ
928 1155 1172 1225 μελέτη.

269 1276 315 1327 1.
354 1277 429 1327 Εἰ
472 1294 573 1343 μεν
620 1274 878 1342 ἐβούλετο
925 1277 1024 1328 τὸν
1062 1277 1264 1381 νόμον,
1312 1273 1355 1329 ὦ
1396 1276 1667 1342 δικασταί,
1713 1279 1940 1324 R1v552

155 1362 418 1432 γενέσθαι
470 1364 669 1432 κύριον
723 1362 914 1416 οὑτοσὶ
968 1364 1068 1416 τὸν
1121 1362 1352 1434 ἔναγχος
1397 1361 1490 1417 ὑπ’
1537 1362 1673 1433 ἐμοῦ
1723 1361 1848 1435 περὶ

273 1525 336 1568 Μ
387 1547 442 1561 =
469 1523 624 1568 Codex
654 1523 921 1568 Marcianus
954 1539 1021 1582 gr.
1047 1529 1133 1569 439

274 1584 349 1628 La
385 1606 441 1621 =
466 1584 807 1628 Laurentianus
838 1584 962 1627 LVII
989 1590 1047 1628 44

276 1645 363 1687 Ma
388 1666 443 1680 =
468 1642 758 1688 Matritensis
790 1648 922 1698 4679,
955 1643 1068 1688 olim
1101 1644 1240 1688 N-49

277 1703 329 1748 ΟΖ
386 1725 442 1740 =
467 1703 751 1747 Bodleianus
783 1703 914 1748 Misc.
941 1708 1043 1758 208,
1076 1703 1189 1747 olim
1220 1702 1610 1748 claromontanus

274 1763 319 1806 Β
384 1784 441 1799 =
467 1763 747 1807 Barberinus
770 1762 813 1806 Π
836 1769 890 1807 41
924 1777 1048 1807 nunc
1079 1762 1232 1807 Vatie.
1264 1762 1402 1807 Barb.
1429 1767 1515 1806 220
1563 1762 1570 1769 ”

282 1822 351 1866 Va
379 1844 435 1860 --—
466 1822 719 1866 Vaticanus
750 1836 817 1878 gr.
844 1826 900 1866 82

275 1976 300 2013 5
335 1968 590 2028 στοχασμός
604 1970 779 2015 MMa²
793 1972 895 2015 Par
908 1974 1028 2015 2511
1155 1975 1178 2014 7
1205 1971 1255 2015 ἐκ
1278 1978 1361 2015 τοῦ
1386 1969 1637 2016 ἀντιθέτου
1661 1971 1713 2015 τὸ
1737 1987 1851 2026 προ-

156 2028 311 2087 οίμιον
336 2029 508 2075 MMa²
546 2030 679 2085 Wolf
695 2032 796 2075 Par
818 2033 937 2075 2511

278 2183 299 2221 1
335 2177 633 2233 Προθεωρία.
680 2180 789 2221 ante
823 2177 954 2234 Φήμη
986 2178 1118 2233 Ferr,
1162 2176 1346 2234 Θεωρία
1375 2178 1479 2222 Mor
1508 2178 1576 2223 Re
1653 2178 1805 2222 delevi
1838 2182 1844 2235 Ι

159 2237 292 2294 Φήμη
317 2264 375 2270 -
400 2243 427 2280 4
458 2236 666 2295 μοιχείας
696 2237 964 2294 praemissis
1003 2212 1157 2282 verb’is
1196 2237 1360 2294 ὅμοιον
1397 2238 1581 2290 τούτοις
1609 2245 1707 2289 τοῖς
1735 2253 1850 2292 προ-

157 2295 328 2354 οιμίοις
358 2297 438 2341 καὶ
469 2297 598 2352 παρὰ
629 2300 692 2356 τῷ
717 2295 927 2355 Λιβανίῳ
959 2295 1010 2342 ἐν
1035 2295 1197 2356 ἐκείνῳ
1221 2300 1282 2354 τῷ
1316 2301 1596 2355 στοχαστικῷ
1629 2297 1847 2354 ζητήματι

156 2357 275 2401 citat
304 2356 367 2400 Io.
401 2344 673 2412 Doxapatri
690 2355 750 2399 ad
781 2355 1000 2413 Hermog.
1033 2357 1139 2411 περὶ
1163 2344 1388 2412 εὑρέσεων
1418 2357 1439 2400 I
1467 2362 1485 2399 1
1522 2356 1658 2400 Rhet.
1691 2371 1759 2413 gr.
1787 2356 1848 2399 111

156 2431 201 2472 p.
211 2420 299 2490 69,
318 2420 491 2459 19-24
524 2416 594 2460 ed.
620 2415 756 2459 Walz
787 2415 886 2459 cod.
919 2415 1106 2460 Barocc.
1138 2415 1218 2461 fol
1244 2421 1298 2459 27
1328 2419 1334 2472 Ι
1361 2432 1430 2466 τις
1459 2418 1568 2472 post
1602 2414 1732 2472 Φήμη
1760 2416 1848 2460 Μα

159 2474 168 2534 Ι
202 2469 260 2530 ἦν
280 2475 331 2520 ol
354 2475 438 2519 sed
460 2491 489 2530 η
514 2488 570 2518 ex
594 2491 650 2519 ov
674 2488 776 2518 corr
797 2473 868 2517 m³
988 2479 1014 2519 3
1038 2475 1120 2520 τὸν
1143 2475 1308 2534 μοιχὸν
1327 2476 1387 2519 Μ
1411 2478 1418 2532 Ι
1445 2473 1665 2528 ἀκρίτους
1681 2475 1846 2531 scripsi

156 2547 184 2578 e
214 2534 377 2590 Doxap
453 2534 651 2590 ἀκρίτως
687 2533 797 2577 libri
828 2533 919 2577 edd
952 2534 1009 2578 cf.
1040 2549 1087 2591 p.
1106 2538 1207 2590 295,
1226 2539 1251 2576 3
1285 2537 1332 2578 et
1363 2539 1414 2590 4,
1447 2538 1547 2588 305,
1567 2539 1645 2587 163
1677 2538 1781 2587 306,
1798 2539 1846 2586 3,

159 2597 259 2648 307,
276 2598 314 2645 4,
336 2595 384 2637 et
418 2597 471 2635 14
520 2595 527 2649 Ι
576 2592 887 2638 ἀποκτινύναι
911 2594 987 2637 La
1129 2598 1158 2636 4
1196 2594 1277 2637 καὶ
1316 2607 1392 2637 om
1419 2594 1471 2639 Ol
1541 2593 1667 2637 inser
1693 2592 1805 2637 Ma³
1837 2593 1843 2650 Ι

158 2650 367 2706 κρίνεται
402 2652 477 2697 La
629 2657 655 2696 6
690 2649 755 2696 Ἡ
792 2650 952 2709 μελέτη
993 2652 1106 2697 Ferr
1188 2651 1423 2698 Πλουσίου
1466 2650 1722 2726 κατηγορία
1758 2653 1847 2695 Ma

157 2711 260 2755 Mor
290 2711 357 2755 Re
427 2724 503 2754 om
529 2712 766 2757 MLaOZB
779 2712 846 2756 Va
975 2716 999 2754 7
1034 2712 1095 2756 Εἰ
1117 2738 1173 2744 -
1200 2716 1375 2765 266,14
1405 2709 1683 2767 πεποίηνται
1713 2723 1847 2767 prae-

158 2770 312 2815 missis
343 2769 494 2814 verbis
526 2778 653 2815 ποιεῖ
680 2771 825 2814 αὐτὸν
863 2770 912 2813 ἐν
949 2770 1177 2830 προοιμίῳ
1209 2770 1523 2847 ὁμολογοῦντα
1553 2770 1638 2827 τὴν
1669 2770 1847 2828 ἔχθραν

159 2830 240 2873 καὶ
271 2829 462 2886 λέγοντα
493 2829 610 2874 citat
640 2830 804 2886 Doxap
835 2828 921 2873 1.1.
958 2835 964 2883 Ι
1000 2816 1233 2888 ἐβούλετο]
1265 2827 1351 2874 οὖν
1382 2830 1444 2886 μὴ
1475 2831 1702 2874 κεκώλυκε
1727 2829 1802 2872 La
1836 2828 1841 2885 1

159 2887 330 2944 ἄνδρες
345 2889 420 2933 La
443 2890 491 2932 et
515 2905 569 2956 γρ
593 2889 643 2932 in
665 2902 799 2941 marg
815 2887 919 2932 Mor
941 2887 998 2932 ef.
1016 2889 1077 2933 ad
1092 2903 1138 2945 p.
1157 2893 1259 2943 207,
1271 2894 1324 2933 11
1353 2892 1359 2945 Ι
1386 2887 1468 2933 ὑπ’
1491 2890 1602 2943 ἐμοῦ
1626 2888 1730 2942 περὶ
1754 2894 1846 2931 τῶν

161 2954 334 3004 μοιχῶν
365 2947 530 3003 scripsi
546 2960 571 2991 e
589 2947 858 2993 LaMaolB
870 2948 939 2991 Va
998 2948 1105 3003 περὶ
1128 2955 1220 2992 τῶν
1243 2955 1417 3005 μοιχῶν
1440 2945 1522 2991 ὑπ’
1544 2947 1654 3003 ἐμοῦ
1673 2948 1731 2991 Μ
1754 2945 1844 2990 edd
