2044 3168
989 802 1237 856 XXXVI.

367 926 676 974 Declamatio
707 927 949 988 inscripta
981 925 1184 990 Νόμος
1226 923 1326 975 τὸν
1365 926 1638 990 θορύβου
1678 923 1774 975 καὶ
1814 925 1946 975 στά-

258 1013 398 1059 σεως
439 999 634 1049 αἴτιον
675 998 1124 1064 ἀποθνήσκειν,
1153 997 1334 1064 πένης
1380 999 1570 1066 ῥήτωρ
1618 998 1828 1065 ἐχθρὸς
1874 991 1948 1065 ἧν

257 1074 516 1142 πλουσίῳ
549 1073 614 1122 τὰ
646 1074 933 1123 πολιτικά.
967 1072 1027 1123 ἐν
1058 1077 1203 1143 λιμῷ
1236 1073 1332 1123 καὶ
1365 1075 1677 1142 πολιορκίᾳ
1710 1071 1735 1122 ὅ
1767 1074 1948 1124 πλού-

257 1162 384 1207 σιος
430 1147 819 1215 ἐπηγγείλατο
867 1148 1066 1212 νίκην,
1114 1148 1166 1198 εἰ
1210 1155 1311 1197 τοῦ
1357 1146 1610 1212 πένητος
1648 1145 1679 1212 ἡ
1727 1152 1948 1214 γλῶττα

257 1222 529 1287 τμηθείη.
563 1222 746 1287 ἔλαβε.
779 1221 992 1281 νυκτὸς
1016 1220 1274 1282 ἐξελθὼν
1298 1220 1586 1282 ἀπεδίωξε
1610 1222 1747 1282 τοὺς
1777 1226 1946 1272 πολε-

257 1297 444 1361 μίους.
491 1296 595 1360 τὴν
642 1294 866 1362 ἡμέραν
921 1297 1410 1364 δημηγοροῦντος
1465 1295 1645 1346 αὐτοῦ
1693 1295 1718 1347 ὁ
1765 1294 1948 1361 πένης

255 1369 458 1436 παρὼν
498 1369 797 1437 ἐδάκρυσε.
842 1369 1194 1420 κατέλευσεν
1228 1369 1253 1420 ὅ
1293 1371 1480 1435 δῆμος
1519 1369 1620 1420 τὸν
1658 1370 1947 1420 πλούσιον

256 1443 353 1494 καὶ
394 1441 418 1493 ὅ
459 1442 642 1509 πένης
681 1444 967 1510 ὑπάγεται
1012 1446 1084 1513 τῷ
1126 1445 1308 1515 νόμῳ,
1358 1462 1454 1508 qua
1500 1446 1668 1494 rhetor
1707 1446 1948 1510 collegam

254 1535 527 1582 pauperem
559 1519 646 1582 qui
677 1536 706 1567 a
739 1520 891 1568 divite
933 1520 1216 1568 adversario
1255 1521 1428 1583 lingua
1467 1521 1691 1582 privatus
1730 1521 1947 1568 lacrimis

254 1595 309 1641 in
339 1594 565 1642 contione
597 1594 837 1656 populum
869 1594 1142 1643 adduxerat
1172 1595 1230 1642 ut
1259 1595 1401 1642 illum
1433 1593 1681 1656 lapidibus
1707 1595 1948 1644 occideret

255 1668 500 1716 tumultus
533 1670 584 1716 et
615 1669 872 1717 seditionis
898 1668 1099 1716 crimine
1130 1669 1325 1730 liberat,
1355 1668 1616 1717 facundiae
1641 1668 1946 1717 Libanianae

257 1742 426 1790 amicis
472 1743 608 1790 haud
645 1744 844 1806 ingrata
891 1735 1055 1808 fuiffl)
1111 1743 1291 1805 Itaque
1330 1759 1428 1791 non
1471 1738 1728 1804 ‘corporis'
1768 1742 1945 1791 finibus

256 1818 468 1864 coercita
498 1818 683 1864 mansit
707 1817 791 1865 sed
818 1818 967 1865 etiam
998 1817 1050 1864 in
1075 1818 1269 1881 eclogas
1293 1817 1506 1865 transiit.
1553 1815 1754 1866 Codices
1780 1819 1947 1866 autem

257 1890 436 1952 quibus
470 1891 531 1938 ad
562 1891 690 1939 hanc
722 1893 937 1939 aetatem
968 1892 1195 1953 pervenit
1225 1893 1341 1940 sunt
1370 1890 1423 1939 hi
1459 1891 1549 1939 25:

365 1964 558 2027 Incipio
591 1981 621 2012 a
655 1961 1046 2027 ‘corporalibus'.

268 2039 279 2047 ‘
370 2041 413 2086 1.
431 2037 875 2088 Laurentianus
893 2039 1034 2087 LVII
1053 2042 1117 2087 21
1140 2031 1234 2105 (=
1253 2032 1317 2105 L)
1335 2054 1459 2087 saec.
1477 2034 1710 2104 XIVJXV
1727 2039 1944 2089 f01.275.

257 2111 513 2162 Correctus
546 2116 619 2162 est
651 2129 804 2160 manu
836 2115 1062 2162 secunda.
1111 2113 1238 2161 Vide
1269 2115 1305 2163 t.
1332 2113 1376 2159 V
1406 2130 1454 2175 p.
1483 2114 1585 2162 158
1606 2129 1675 2176 sq.
1722 2113 1946 2164 Contulit

254 2202 418 2234 meum
447 2188 501 2234 in
531 2203 676 2235 usum
710 2187 989 2249 Stephanus
1023 2187 1307 2236 Gloeckner.

367 2261 440 2307 Ex
471 2261 563 2308 hoc
594 2261 840 2309 fluxerunt
871 2262 967 2310 duo
1000 2263 1214 2310 codices:

368 2337 413 2382 2.
454 2335 826 2383 Monacensis
866 2353 934 2399 gr.
972 2337 1038 2384 96
1084 2329 1179 2402 (=
1204 2332 1342 2398 Mon)
1385 2351 1510 2384 saec.
1545 2335 1663 2383 XVI
1701 2337 1785 2383 fol.
1823 2339 1942 2386 128.

257 2407 477 2458 Collatus
518 2411 591 2456 est
623 2424 652 2456 a
692 2409 893 2457 Reiskia
931 2411 982 2458 in
1023 2425 1167 2458 usum
1206 2409 1377 2458 mariti
1416 2410 1502 2471 qui
1541 2426 1653 2457 eum
1691 2410 1862 2458 littera
1894 2412 1943 2458 B

253 2482 547 2544 insignitum
601 2483 899 2531 Bavaricum
955 2483 1223 2533 secundum
1277 2484 1564 2546 appellavit.
1648 2483 1774 2532 Vide
1820 2486 1855 2533 t.
1898 2484 1942 2531 V

253 2573 299 2618 p.
328 2557 432 2605 364
452 2572 522 2618 sq.

255 2633 304 2679 et

368 2706 413 2752 3.
445 2703 823 2752 Matritensis
856 2704 1050 2754 N-130
1083 2721 1206 2754 saec.
1231 2705 1349 2753 XVI
1381 2706 1464 2753 fol.
1494 2707 1638 2754 127&
1692 2705 1817 2755 Vide
1849 2708 1885 2755 t.
1915 2705 1942 2754 1

253 2795 301 2840 p.
327 2779 433 2826 428
453 2794 524 2840 sq.
557 2779 607 2825 et
638 2779 671 2825 t.
698 2778 744 2824 V
768 2795 816 2840 p.
843 2779 962 2827 364.

377 2934 418 2989 1)
451 2931 517 2976 Cf.
552 2932 695 2978 schol.
728 2932 902 2978 codicis
927 2934 971 2977 L
1004 2934 1063 2977 ad
1094 2948 1138 2990 p.
1166 2938 1266 2988 233,
1286 2939 1309 2978 6
1330 2949 1395 2991 sq.
