2014 3158
606 131 780 176 CAECI
811 131 950 175 FILII
980 129 1286 176 APOLOGIA
1690 131 1797 183 699

99 268 316 337 γένοιτο
362 266 490 337 μέν,
537 263 579 320 ὦ
621 268 819 334 ἄνδρες
867 269 1145 335 δικασταί,
1193 269 1264 336 μὴ
1316 272 1651 338 πειραθῆναι
1700 287 1798 336 μη-

100 365 312 426 τρυιᾶς·
354 358 402 410 εἰ
442 353 502 409 δὲ
542 357 648 426 ἄρα
687 363 852 408 τοῦτο
893 358 1210 425 συμβαίνοι,
1250 355 1442 426 μηδεὶς
1478 355 1798 424 πιστευέτω,

95 445 204 499 κᾶν
243 447 470 499 εὔνοιαν
508 445 888 514 ὑποκρίνηται.
935 446 1179 517 τοσούτῳ
1220 446 1324 515 γὰρ
1364 442 1517 498 ἔσται
1557 449 1798 514 χαλεπω-

99 533 229 605 τέρα
266 535 358 587 καὶ
397 536 763 604 κακουργήσει
802 534 1134 603 δεινότερον,
1179 533 1392 605 ὅσῳπερ
1434 533 1504 586 ἂν
1543 532 1798 604 λανθάνῃ

99 623 166 674 τὰ
212 626 375 692 χείρω
426 624 562 675 κατὰ
608 631 720 675 τῶν
773 623 1147 675 πιστευόντων
1199 621 1577 692 μηχανωμένη.
1631 630 1796 675 τοῦτο

99 713 205 782 γὰρ
244 720 308 782 τῇ
348 713 510 783 πείρα
547 711 895 779 μεμαθηκώς,
936 710 1008 773 ὡς
1039 713 1247 780 μήποτε
1279 712 1515 780 ὤφελον,
1556 712 1798 779 σύμβου-

100 805 196 862 λος
235 799 305 853 ἂν
344 806 480 870 εἴην,
521 801 594 863 ὡς
631 797 838 868 ἔοικεν,
878 798 1171 871 ἀξιόχρεως
1210 799 1300 853 καὶ
1339 809 1454 863 τοῖς
1493 800 1799 854 ἀκούουσιν

100 888 133 958 ἢ
174 887 387 961 ἐμαυτῷ
418 893 631 958 μᾶλλον
670 888 1128 960 λυσιτελέστερος.
1470 884 1473 887 X

222 1056 245 1095 1
278 1056 360 1107 τῆς
384 1052 492 1094 ante
516 1057 743 1106 μητρυιᾶς
774 1050 834 1094 Vi
954 1056 980 1094 2
1014 1049 1259 1109 συμβαίνει
1283 1051 1387 1095 HV
1443 1048 1715 1109 συμβαίνειν
1740 1050 1799 1095 Vi

98 1110 181 1154 sed
221 1126 266 1154 οι
298 1123 438 1166 supra
470 1126 539 1154 ειν
571 1110 642 1153 m²
704 1107 903 1168 συμβαίη
929 1111 1078 1155 MaCl
1108 1111 1191 1154 sed
1221 1110 1271 1153 in
1303 1111 1391 1154 hoc
1427 1128 1454 1167 η
1489 1123 1544 1154 ex
1576 1127 1603 1154 ν
1630 1144 1670 1154 ..
1696 1123 1799 1155 corr

97 1198 168 1241 m²
289 1204 314 1243 3
347 1200 428 1243 καὶ
450 1200 508 1242 Η
623 1204 650 1242 4
683 1185 948 1254 ὃεινότερόκν
973 1200 1068 1244 Ath
1129 1198 1370 1255 δεινότερα
1394 1201 1440 1244 B
1450 1200 1520 1244 Va
1642 1204 1666 1243 5
1691 1206 1799 1243 τοῦ-

97 1274 150 1302 το
182 1258 270 1315 γὰρ
302 1258 427 1302 inser
449 1259 544 1304 Ath
665 1263 690 1302 6
723 1258 784 1315 μὴ
819 1259 877 1303 Vi
917 1259 923 1317 Ι
963 1257 1135 1314 ὄφελον
1157 1259 1252 1303 Ath
1264 1259 1398 1304 VaM
1516 1264 1539 1302 7
1573 1258 1655 1303 καὶ
1687 1259 1798 1302 ante

97 1317 351 1363 ἀκούουσιν
375 1319 506 1364 OlVa
538 1318 606 1362 Re
727 1322 753 1362 8
785 1315 813 1374 ἢ
845 1318 894 1361 in
925 1331 1061 1375 marg
1090 1318 1217 1363 inser
1249 1318 1328 1363 Vi²
