2044 3168
0 396 20 550 nav-ari
11 335 15 348 ί
11 305 16 325 ὸ

407 110 650 156 IUVENIS
682 111 896 156 FORTIS
930 110 1152 155 DIVITIS
1185 110 1490 156 APOLOGIA
1685 111 1790 163 257

22 283 25 285 -
94 251 263 310 καίως
301 245 507 317 ἔπραξα
549 246 729 315 λέγειν
769 243 938 311 αὖθις
988 249 1092 316 τὴν
1131 248 1305 316 αὐτὴν
1344 246 1642 315 ἀναβοήσει
1683 267 1796 317 φω-

95 340 222 405 νήν·
277 335 407 390 ἀλλ’
458 337 524 389 οἱ
573 338 1000 404 τυραννίδος,
1056 339 1254 406 φησίν,
1310 335 1797 404 ἐπιθυμοῦντες

96 427 394 496 φυγάδας
417 423 525 478 καὶ
556 424 831 494 ἀτίμους
862 425 970 478 καὶ
1003 426 1339 494 δεσμώτας
1370 425 1797 494 εὐεργετοῦσι

96 517 477 584 συνωμότας
509 517 683 583 ἔχειν
715 514 957 577 αὐτοὺς
988 523 1098 583 τῆς
1129 517 1358 576 κακίας
1381 517 1798 582 βουλόμενοι.

8 647 15 665 ,
96 606 182 657 32.
220 606 278 656 τί
315 600 376 656 δὲ
416 604 469 656 οἱ
508 604 607 656 τὸν
646 604 827 672 δῆμον
858 602 1178 672 ἀγαπῶντες
1208 603 1547 669 πράττουσιν
1578 604 1798 672 ἄνθρω-

94 712 189 747 ποι
246 693 530 746 κινδύνων
584 691 954 761 ἐλπιζομένων
1009 693 1285 761 μεγάλωνς
1349 692 1416 745 οὐ
1479 692 1799 760 συμμάχους

96 782 443 850 ἀγείρουσινς
484 782 550 834 οὐ
589 786 972 850 παρακαλοῦσι
1013 783 1144 844 τοὺς
1192 781 1429 850 ἀμελεῖς;
1477 781 1545 833 οὐ
1591 780 1801 844 πάντας

96 870 261 925 παντὶ
309 874 573 939 πολεμεῖν
619 870 1096 938 παρασκευάζουσι
1148 869 1364 936 σθε’νει;
1427 869 1514 923 33.
1554 869 1658 938 ἐγὼ
1700 866 1802 937 μὲν

98 957 204 1014 οὖν
256 967 428 1012 ταῦτα
481 966 576 1027 τῆς
628 968 820 1028 κοινῆς
875 960 1036 1030 χάριν
1090 958 1266 1029 ᾔτησα
1319 961 1503 1028 χρείας
1563 957 1653 1011 καὶ
1707 966 1802 1027 τῆς

9 1043 14 1049 ’
102 1049 229 1118 ἐμῆς
270 1049 299 1102 ὁ
341 1049 513 1116 δῆμος
558 1047 877 1117 ἀπήλαυσεν
924 1050 1144 1111 εὐνοίας
1190 1049 1509 1117 συμμάχους
1548 1047 1799 1115 ἀγαθοὺς

100 1136 188 1190 ε’πὶ
227 1146 323 1206 τῆς
371 1136 612 1205 ἀνάγκης
657 1140 787 1201 τοὺς
834 1137 1149 1206 ἀφεθέντας
1188 1138 1394 1206 εὑρών,
1445 1138 1515 1190 σὺ
1563 1133 1624 1190 δὲ
1670 1138 1803 1204 μίαν

98 1235 233 1280 πᾶσι
271 1226 526 1296 παρέχεις
564 1229 893 1296 προαίρεσιν
940 1228 1031 1280 καὶ
1079 1230 1250 1297 μόνος
1291 1226 1432 1280 ἑκὼν
1472 1226 1690 1294 ἀγνοεῖς
1730 1227 1803 1289 ὡς

98 1317 152 1369 οἱ
190 1313 294 1385 μὲν
324 1326 624 1381 τυραννεῖν
662 1315 1071 1387 ἐπιχειροῦντες
1109 1318 1380 1370 τοιούτων
1419 1314 1640 1369 δέονται
1672 1329 1803 1382 συμ-

98 1406 305 1475 μάχων,
346 1405 412 1458 οὐ
452 1406 563 1474 μὴν
602 1407 656 1458 οἱ
695 1406 789 1459 διὰ
828 1406 932 1474 τὴν
970 1410 1159 1475 χρείαν
1198 1405 1494 1466 τοιούτους
1531 1411 1599 1476 τᾷ
1649 1405 1803 1476 δήμῳ

100 1501 521 1561 περιποιοῦντες
561 1495 883 1563 συμμάχους
913 1497 1249 1564 τυραννίδος
1281 1493 1500 1564 ἐρῶσιν,
1541 1493 1679 1546 ἀλλὰ
1710 1491 1800 1545 καὶ

100 1586 530 1652 φιλανθρωπίας
584 1584 747 1653 χάριν
791 1583 884 1637 καὶ
934 1587 1202 1652 σωτηρίας
1249 1583 1411 1636 ἕνεκα
1464 1589 1565 1636 τοῦ
1622 1583 1801 1651 δήμου

101 1680 273 1725 ταῦτα
313 1671 403 1725 καὶ
441 1674 508 1725 τὰ
546 1680 774 1726 τοιαῦτα
813 1674 1174 1743 φιλοπόλιδες
1207 1673 1551 1742 πράττουσιν
1582 1672 1804 1739 ἄνθρω-

101 1779 211 1814 ποι.
250 1761 336 1814 34.
370 1762 442 1830 μὴ
482 1764 680 1815 τοίνυν
717 1763 813 1824 τὰς
850 1771 963 1816 τῶν
1002 1763 1297 1832 τυράννων
1330 1761 1537 1830 βουλὰς
1577 1759 1666 1813 ἐπὶ
1704 1762 1804 1829 τὴν

102 1849 240 1918 ἐμὴν
286 1852 384 1919 ἄγε
434 1854 783 1920 προαίρεσιν,
839 1850 978 1904 ἀλλὰ
1032 1853 1221 1905 σκόπει
1275 1852 1372 1914 τὰς
1425 1851 1580 1912 νίκας
1635 1851 1804 1903 πόσαι

103 1938 193 1991 καὶ
241 1940 333 1992 διὰ
379 1942 548 1992 τίνων
594 1941 683 1992 καὶ
722 1943 876 2002 τίνος
913 1943 1174 2009 γεγόνασι
1221 1940 1398 2009 χάριν.
1447 1942 1500 1993 εἰ
1542 1936 1645 2007 μὲν
1698 1940 1802 2007 γὰρ

102 2037 570 2097 μνησικακοῦντες
623 2038 738 2091 τοῖς
790 2031 1138 2098 τετιμηκόσιν
1192 2029 1492 2095 ἐφαίνοντο
1547 2028 1638 2080 καὶ
1692 2036 1804 2080 τῶν

103 2126 312 2170 κοινῶν
344 2117 412 2170 οὐ
443 2117 759 2187 μετέχοντες
790 2118 1073 2171 κινδύνων
1105 2115 1238 2171 οὐδὲ
1270 2118 1436 2171 λύσιν
1467 2125 1568 2170 τοῦ
1607 2118 1805 2183 μίσους

226 2239 278 2277 11
312 2233 341 2289 ἡ
373 2210 558 2290 πιθανὴ
591 2232 821 2291 ἀπολογία
852 2233 972 2279 κατὰ
1001 2232 1054 2279 τὸ
1079 2235 1139 2292 μὴ
1172 2232 1482 2289 ἀντιστρέφον
1508 2233 1655 2276 Mrubr

226 2343 249 2380 1
285 2338 454 2391 ἔπραξε
478 2338 530 2382 Oc
556 2339 562 2394 Ι
591 2336 706 2395 βοήν
725 2338 770 2380 Β
891 2343 918 2381 3
944 2338 1242 2395 ἐλευθεροῦσι
1258 2338 1304 2381 Β
1314 2338 1385 2381 Va
1506 2342 1534 2380 4
1566 2337 1686 2394 ἔχειν
1711 2350 1805 2380 non

106 2397 217 2440 ante
248 2397 420 2447 αὐτοὺς
450 2397 533 2441 sed
563 2399 673 2440 ante
705 2394 978 2455 βουλόμενοι
1004 2398 1058 2443 Ol
1200 2402 1226 2441 6
1257 2397 1367 2447 τοὺς
1397 2397 1508 2441 ansse
1540 2395 1807 2453 συμμάχους

116 2456 174 2500 Vi
318 2460 341 2499 ’1
384 2455 651 2514 ἀγείρουσιν
683 2456 850 2512 scripsi
881 2470 937 2499 ex
962 2458 1019 2501 H
1023 2458 1081 2502 Vi
1110 2459 1166 2501 ut
1196 2456 1302 2500 coni
1335 2455 1537 2500 Cobetus
1569 2455 1687 2499 Misc
1721 2459 1804 2498 156

166 2514 423 2570 ἐγείρουσιν
438 2515 590 2560 AClB
602 2516 737 2560 VaM
751 2515 843 2559 edd
963 2520 991 2559 8
1024 2513 1122 2560 ἀλλ’
1146 2518 1257 2559 ante
1283 2515 1370 2572 ἐγὼ
1386 2515 1443 2559 H
1450 2517 1506 2559 Vi
1630 2519 1683 2558 10
1715 2514 1805 2557 ἀπ-

108 2571 297 2618 έλαυσεν
321 2575 514 2618 BVaM
537 2574 629 2618 edd
754 2580 805 2617 11
835 2573 1138 2629 ἀφθένταςΑ
1199 2573 1406 2631 ἀφέντας
1430 2575 1490 2619 Vi
1611 2578 1666 2617 12
1691 2580 1806 2617 πᾶσι

109 2646 185 2676 om
209 2633 311 2677 AGl
345 2636 351 2690 Ι
390 2632 665 2688 παραίνεσιν
699 2635 756 2678 Vi
878 2638 933 2676 14
966 2633 1030 2693 οἱ]
1064 2635 1120 2679 οὐ
1151 2634 1265 2678 Fert
1294 2635 1343 2677 et
1373 2651 1429 2690 γρ
1460 2634 1510 2676 in
1540 2646 1675 2689 marg
1705 2631 1807 2675 Mor

230 2696 284 2734 15
316 2699 678 2747 περιποιοῦντας
700 2695 745 2737 Α
777 2692 879 2737 Mor
921 2696 927 2749 1
970 2693 1139 2748 ὁρῶσιν
1165 2694 1221 2738 Cl
1253 2695 1259 2749 Ι
1294 2694 1374 2737 καὶ
1406 2706 1483 2736 om
1510 2693 1608 2738 CZB
1621 2694 1688 2736 Va

112 2754 166 2793 1⁷
207 2750 459 2806 ἅνθρωποι
487 2751 771 2807 πράττουσιν
804 2753 862 2797 Vi
1005 2756 1061 2795 20
1100 2753 1148 2796 τὲ
1186 2754 1295 2809 post
1324 2750 1465 2796 τίνων
1498 2752 1556 2795 Vi
1605 2753 1611 2807 Ι
1661 2749 1805 2807 τίνος]

109 2809 242 2860 τίνας
279 2810 347 2853 Re
397 2812 404 2866 Ι
452 2810 590 2869 χάριν
630 2810 847 2869 γεγόνασι
880 2811 933 2855 Cl
1076 2816 1131 2854 22
1171 2812 1254 2856 καὶ
1290 2808 1572 2866 τυραννίδος
1610 2807 1806 2853 ἀπίστου

110 2876 400 2926 κατηγορῶν,
445 2877 654 2925 φανερᾶς
694 2868 951 2925 προδοσίας
993 2868 1183 2925 φέρεται
1226 2869 1402 2927 μέμψιν
1442 2873 1516 2926 (=
1540 2885 1587 2925 p.
1613 2871 1806 2924 255‚20)

110 2929 218 2984 post
248 2928 481 2973 κινδύνων
509 2929 561 2974 Ol
586 2932 594 2985 Ι
620 2931 752 2973 λῦσιν
785 2930 898 2974 ViCZ

200 3010 397 3042 Lamnus
414 3011 721 3043 ed-Foerster.
739 3012 828 3043 VII.
1396 3007 1447 3044 17

1824 1070 1867 1101 10

1826 1515 1867 1546 15

1828 1961 1871 1992 20
