2044 3168
247 79 355 132 184
669 78 899 124 LIBANII
930 41 1321 124 DECLAMATIO
1353 80 1524 126 XXXV

242 219 441 267 Libanii
473 222 765 282 argumenta
791 221 886 268 etsi
908 236 1006 268 non
1032 220 1136 268 sine
1162 237 1323 270 errore
1347 221 1579 284 respexit,
1612 223 1784 270 auctor
1807 221 1939 270 flori-

241 293 360 357 legii
387 294 566 342 codicis
585 295 943 342 Barocciani
968 311 1039 358 gr.
1063 296 1164 342 143
1184 295 1236 342 id
1260 298 1335 343 est
1352 290 1688 363 Melissae¹)
1705 295 1938 359 Augus-

242 370 420 415 tanae
478 384 655 425 unum,
711 369 1011 416 Macarius
1069 363 1643 436 Ohrysocephalus2)
1699 372 1939 432 quattuor

242 442 374 490 locos
406 442 646 491 laudavit.

353 516 778 564 Declamationem
809 518 861 564 in
893 518 1051 566 lucem
1086 518 1333 579 protraxit
1364 517 1493 564 Fed.
1519 518 1805 566 Morellus
1829 517 1935 566 Lib.

243 606 353 652 opp.
386 590 411 637 I
451 607 496 652 p.
533 592 822 639 386—396
859 583 953 657 (=
978 585 1110 658 Mor)
1149 607 1265 639 usus
1304 592 1389 639 ille
1431 592 1630 653 quidem
1670 592 1834 640 codice
1874 594 1937 640 si-

241 665 450 712 millimo
485 665 667 714 codicis
699 667 767 713 M
800 668 887 727 qui
918 665 1171 714 Parisinus
1205 683 1274 728 gr.
1303 667 1447 714 3014
1481 667 1630 714 fuisse
1671 660 1935 732 videtur.3)

241 739 403 786 Huius
437 739 666 787 editionis
699 740 826 788 vitia
849 741 1066 802 plurima
1092 756 1201 787 cum
1227 756 1284 787 ex
1315 740 1514 803 ingenio
1546 743 1654 789 tum
1679 757 1770 803 ope
1803 740 1937 789 codi-

242 814 311 861 cis
344 813 652 861 Monacensis
692 830 761 877 gr.
796 815 861 862 96
906 814 1116 862 correxit
1154 815 1434 862 Reiskius
1469 809 1562 880 (=
1588 811 1683 880 Re)
1717 831 1936 877 uxorque

243 887 346 935 eius
381 903 506 949 quae
540 887 807 936 editionem
840 889 1032 936 curavit
1059 882 1116 954 (t.
1142 889 1213 935 IV
1238 905 1282 949 p.
1314 883 1628 955 227—240)
1661 890 1750 937 has
1777 905 1936 937 emen-

242 961 467 1010 dationes
506 977 605 1009 non
645 965 702 1010 ut
734 963 860 1010 alias
893 962 1084 1010 solebat
1122 962 1173 1009 in
1213 962 1344 1010 notis
1375 963 1583 1025 reliquit
1622 964 1705 1011 sed
1744 965 1798 1011 in
1831 965 1934 1011 tex-

241 1040 348 1083 tum
380 1037 482 1084 fere
512 1038 713 1099 recepit.
780 1037 873 1084 Sed
909 1053 1210 1099 quamquam
1248 1037 1369 1084 haec
1402 1037 1553 1085 editio
1594 1037 1752 1101 magis
1785 1053 1937 1100 quam

240 1110 536 1158 Morelliana
567 1113 732 1159 textus
766 1111 976 1159 formam
1014 1113 1177 1174 priore
1209 1112 1402 1159 familia
1434 1111 1657 1159 codicum
1688 1137 1760 1146 -—
1790 1112 1936 1160 huius

242 1184 373 1232 enim
397 1185 706 1234 Monacensis
732 1188 806 1234 est
824 1213 880 1218 —
910 1187 1334 1247 repraesentatam
1359 1185 1569 1246 exhibet,
1593 1191 1759 1235 tamen
1785 1185 1936 1234 etiam

241 1261 402 1322 magis
433 1262 490 1306 ut
521 1260 636 1307 huic
670 1260 1032 1307 assimilaretur
1065 1275 1214 1322 opera
1246 1263 1354 1307 erat
1386 1260 1565 1307 danda.

352 1334 517 1381 Pauca
550 1334 612 1381 ad
652 1336 842 1382 textum
887 1335 1228 1397 corrigendum
1263 1335 1580 1382 contulerunt
1610 1334 1695 1382 Fr.
1729 1333 1935 1382 Iacob·

242 1407 364 1456 sius
389 1423 498 1455 cum
526 1408 647 1456 alibi
662 1410 769 1456 tum
794 1402 1284 1475 in‘Lectionibus'4),
1301 1407 1359 1457 A.
1381 1401 1642 1475 Gasda5),
1662 1407 1933 1458 CobetuS.

241 1563 368 1613 υἱεῖς.
402 1563 651 1608 ἀπέθανον
676 1566 801 1623 λιμῷ,
835 1565 913 1608 καὶ
939 1563 1145 1620 κρίνεται
1170 1562 1321 1621 φόνου
1354 1565 1401 1607 et
1433 1565 1492 1608 ad
1525 1564 1932 1620 ἐνενηκοντουτης;

243 1622 453 1667 ἐνταῦθα
477 1631 559 1668 τοῦ
585 1631 807 1679 σοφιστοῦ
833 1624 1060 1682 Λιβανίου
1089 1623 1427 1668 καθάπτεσθαι
1460 1621 1645 1669 ἔοικεν
1635 1623 1685 1675 ὸς
1712 1623 1757 1673 ἐς
1789 1623 1935 1679 ἄκρον

241 1689 387 1740 γῆρας
419 1682 584 1733 ἐλάσας
614 1683 852 1739 προῦργου
883 1683 935 1727 τὸ
969 1686 1160 1739 μελετᾶν
1201 1683 1415 1727 ἐποιεῖτο.
1465 1685 1519 1727 οὐ
1561 1682 1649 1741 γὰρ
1684 1682 1822 1726 ἄλλου
1854 1684 1934 1727 οὐ-

243 1741 378 1792 δενὸς
409 1740 696 1795 εὑρίσκονται
732 1741 913 1798 μελέται
943 1745 1131 1794 πλείους
1161 1750 1252 1787 τῶν
1286 1743 1430 1786 αὐτοῦ
1457 1743 1565 1787 οὐδὲ
1596 1741 1740 1786 τόσαι.
1784 1742 1934 1798 Argu-

242 1802 449 1845 mentum
477 1802 602 1857 quod
634 1802 926 1858 Nicephorus
961 1802 1159 1858 protulit
1190 1816 1218 1846 a
1249 1801 1508 1846 Libaniano
1540 1802 1755 1846 recedere
1786 1804 1933 1857 patet.

241 1860 310 1904 De
343 1860 503 1904 codice
535 1861 615 1916 qui
639 1862 786 1905 fertur
811 1861 1063 1917 Nicephori
1088 1861 1320 1918 Gregorae
1345 1861 1402 1905 cf.
1427 1863 1461 1905 t.
1487 1861 1551 1905 VI
1576 1866 1659 1905 242
1693 1860 1774 1904 ubi
1798 1861 1932 1905 Nice-

233 1920 408 1976 phorae
439 1920 489 1963 in
520 1922 771 1977 Nicephori
803 1921 1021 1979 corrigas.

364 1981 405 2033 1)
437 1978 561 2023 Nam
607 1980 883 2036 inscriptum
929 1981 999 2023 est
1045 1979 1324 2037 florilegium
1372 1979 1546 2025 codicis
1591 1978 1964 2023 membranacei.

244 2038 417 2082 saeculi
449 2039 532 2109 XII
563 2039 643 2082 fol.
673 2044 694 2083 1
728 2038 1226 2096 Απομνημονευματων
1266 2039 1315 2083 ἐκ
1356 2037 1598 2095 διαφόρων
1639 2045 1844 2095 ποιητῶν
1886 2053 1935 2082 τε

242 2098 322 2141 καὶ
354 2094 562 2154 ῥητόρων
595 2099 644 2143 ἔκ
675 2115 724 2143 τε
756 2106 848 2143 τῶν
887 2099 1108 2154 θύραθεν
1147 2099 1227 2142 καὶ
1266 2105 1347 2154 τῆς
1385 2096 1502 2143 καθ’
1541 2098 1660 2155 ἡυᾶς
1696 2097 1822 2153 ἱερᾶς
1854 2098 1934 2142 καὶ

243 2156 471 2213 φιλοθέου
503 2155 722 2208 παιδείας
755 2157 920 2214 ἑκάστη
953 2165 1043 2202 τῶν
1083 2156 1399 2225 προκειμένων
1441 2156 1713 2202 ὑποθέσεων
1754 2154 1934 2207 οἰκείως

242 2217 322 2260 καὶ
347 2214 637 2273 ἁρμοζόντως
661 2217 843 2274 ἔχουσα.
876 2217 1143 2274 (Reperitur
1167 2216 1312 2261 etiam
1343 2217 1393 2260 in
1418 2216 1575 2260 codice
1601 2215 1934 2272 Hierosolymi-

241 2276 354 2319 tano
393 2275 644 2331 patriarch.
671 2281 755 2319 255
796 2276 1050 2333 (Papadop.
1084 2276 1336 2320 Kerameu=
1378 2278 1546 2320 Καταλ.
1580 2276 1601 2319 I
1626 2278 1740 2329 323).
1785 2275 1932 2318 Locus

243 2336 305 2391 (p.
333 2339 432 2388 196,
451 2339 506 2377 22
525 2337 608 2390 sq.)
636 2335 742 2379 est
728 2351 777 2378 ln
803 2336 956 2390 capite
981 2335 1086 2388 περὶ
1111 2333 1325 2393 εὐτυχίας
1349 2336 1427 2379 καὶ
1453 2332 1701 2392 δυστυχίας
1724 2334 1802 2378 fol.
1831 2338 1930 2379 200.

243 2392 442 2438 Contuli.
507 2393 571 2438 Cf.
613 2394 823 2438 Dressler
862 2408 968 2438 ann.
1012 2394 1126 2451 phil.
1167 2394 1392 2439 Fleckeis.
1437 2394 1588 2450 suppl.
1619 2393 1659 2437 V
1690 2409 1733 2450 p
1762 2398 1846 2436 336
1866 2407 1932 2449 sq.

244 2410 1194 2511 C.Wachsmuth,Studd.z.d.g1iech
1228 2454 1384 2498 Floril.
1417 2466 1461 2509 p.
1491 2457 1587 2498 106.

364 2510 889 2568 2)Cf..t1p..351sq
1074 2512 1449 2569 3)CftV1p
1477 2517 1575 2556 509

362 2573 405 2626 4)
440 2570 506 2614 Of.
540 2570 766 2627 t.1p.77
794 2573 842 2616 et
865 2571 906 2615 V
931 2586 975 2627 p.
997 2575 1094 2615 198.

363 2631 406 2686 ὁ)
440 2629 503 2674 Cf.
537 2631 569 2673 t.
597 2586 679 2674 Vp
669 2645 712 2686 p.
742 2634 839 2674 198.
