2044 3168
203 124 419 169 PATRIS
451 123 663 169 CAEDIS
695 123 892 167 FILIAE
925 121 1276 176 GENERIQUE
1308 121 1606 166 DEFENSIO
1670 122 1776 175 351

83 282 193 316 νεν.
249 262 316 315 οὐ
371 262 476 332 γὰρ
539 260 610 314 ἂν
665 259 880 328 ἐκείνην
941 256 1042 329 μὲν
1103 258 1496 312 ἀποκλείεσθαι
1560 260 1778 313 δίκαιον

81 353 183 420 τὴν
235 357 556 418 παθοῦσαν,
604 350 705 418 τὴν
751 347 1126 419 ἠπατημένην,
1173 349 1273 417 τὴν
1321 349 1389 400 τά
1435 349 1595 418 μείζω
1642 347 1785 401 πάν-’

82 460 194 494 των
263 438 687 509 ἑξυβρισμένην,
756 439 853 491 τὸν
915 436 963 490 δ’
1033 437 1177 491 οὕτω
1246 438 1776 507 παρακρουσάμενον

82 530 172 582 καὶ
217 530 325 598 τὴν,
367 528 504 597 ὅλην
552 528 948 582 ἐπεσκευακότα
993 526 1160 595 ὕβριν
1214 525 1441 595 ἀζήμιον
1495 522 1637 579 εἶναι
1684 524 1775 579 καὶ

81 618 395 671 παντάπασι
435 618 722 687 πρόδηλον
768 616 859 669 καὶ
906 615 972 669 οὐ
1020 623 1183 668 τοῦτο
1232 617 1432 684 μόνον,
1483 614 1620 668 ἀλλὰ
1666 617 1774 683 καί,

80 709 142 760 τὸ
184 708 251 776 δὴ
290 710 499 775 μεῖζον,
547 706 1115 775 προσαποκερδαίνειν
1161 713 1256 773 τῆς
1304 704 1530 774 ὕβρεως.
1600 702 1686 757 50.
1727 705 1779 756 εἰ

84 793 131 850 δ’
194 796 295 850 οὐκ
350 795 558 858 ἐκεῖνος
612 796 677 848 τὰ
732 805 844 848 τῶν
897 803 1106 863 μοιχῶν
1167 792 1514 863 ἐκακούργει,
1568 795 1627 845 τί
1674 794 1775 861 τὴν

82 893 459 939 συνοικοῦσαν
506 885 703 938 λοιπὸν
750 884 824 947 ὡς
871 883 978 937 ἀπὸ
1025 892 1290 952 μοιχικῶν
1343 884 1531 951 νόμων
1578 881 1775 946 ἐξώθει

81 982 175 1043 τῆς
215 976 412 1044 οἰκίας;
461 974 587 1027 οὔτε
634 974 739 1041 γὰρ
781 973 976 1043 ξίφους
1021 970 1187 1042 ἔργον
1227 970 1428 1040 γένοιτ’
1474 972 1543 1024 ἄν
1581 992 1663 1035 τις
1701 973 1772 1041 μὴ

79 1064 362 1133 παρούσης
409 1063 770 1132 ἀνδροφόνου
818 1063 999 1131 χειρὸς
1045 1059 1162 1115 οὔτ’
1213 1061 1282 1115 ἂν
1336 1062 1476 1130 γυνὴ
1531 1065 1774 1130 μοιχείας

79 1153 349 1221 ὑποσταίη
405 1153 627 1221 γραφὴν
681 1152 753 1221 μὴ
807 1156 1235 1222 προϋφεστῶτος
1292 1158 1392 1204 τοῦ
1446 1151 1548 1220 τὴν
1603 1151 1774 1220 εὐνὴν

80 1241 508 1305 ὑποκλέψαντος.
572 1241 658 1293 51.
699 1237 884 1294 ἔπειτα
930 1241 1011 1303 τίς
1057 1240 1158 1293 οὐκ
1206 1239 1276 1293 ἂν
1321 1240 1630 1309 μυσαχθείη
1678 1247 1773 1309 τῆς

78 1334 346 1400 πονηρίας
386 1331 562 1399 ἄνδρα
601 1331 863 1398 γυναικὸς
901 1330 1195 1399 ὑβριστήν,
1242 1331 1491 1399 νυμφίον
1539 1337 1638 1383 τοῦ
1678 1332 1772 1398 κη’-

80 1420 212 1483 δους
265 1419 555 1489 πολέμιον,
611 1420 873 1483 ξύνοικον
926 1427 1027 1472 τοῦ
1082 1418 1280 1487 γένους
1326 1418 1629 1488 ἐπίβουλον
1681 1417 1771 1472 καὶ

77 1509 346 1578 τοσαύτης
385 1507 607 1573 ἀδοξίας
644 1508 840 1578 κέρδος
870 1509 1069 1578 μικρὸν
1100 1508 1482 1578 ἀνθελόμενον
1520 1507 1611 1562 καὶ
1646 1516 1771 1562 τοῦ-

80 1617 142 1651 το
189 1599 389 1668 πικρὸν
443 1596 534 1651 καὶ
588 1603 743 1661 θεοῖς
798 1597 1174 1667 ἀποτρόπαιον
1226 1596 1317 1651 καὶ
1371 1606 1541 1651 ταῦτα
1590 1599 1771 1669 παρὸν

78 1693 378 1756 κεκτῆσθαι
418 1685 534 1757 μετ’
577 1685 829 1751 εὐδοξίας
874 1685 965 1740 καὶ
1011 1688 1461 1757 προσαπολαύειν
1506 1688 1639 1757 μετὰ
1679 1685 1770 1741 καὶ

4 1849 8 1852 Δ
77 1784 172 1846 τῆς
211 1777 476 1845 γυναικὸς
514 1775 752 1844 βέλτιον,
794 1777 841 1829 εἰ
880 1785 1196 1845 σωφρονεῖν
1236 1775 1444 1839 ἐκεῖνος
1482 1777 1770 1846 ἠπίστατο;

191 1865 276 1919 52.
317 1867 388 1919 Εἰ
435 1863 496 1918 δὲ
541 1866 730 1935 μοιχὸς
778 1862 939 1928 οὗτος
991 1861 1062 1934 ἧν
1113 1864 1205 1919 καὶ
1251 1875 1460 1935 μοιχῶν
1512 1865 1770 1919 ἁπάντων

78 1956 332 2024 ἔχθιστος
369 1953 459 2008 καὶ
492 1955 737 2027 τοσούτῳ
769 1958 981 2024 μᾶλλον
1018 1955 1347 2020 κολάζεσθαι
1388 1956 1618 2022 δίκαιος,
1659 1956 1770 2028 ὅσῳ

0 2110 1 2115 ¹
77 2041 168 2096 καὶ
213 2047 398 2116 πολλῷ
439 2046 763 2113 καινότερον
811 2043 1010 2114 ἐφεῦρε
1055 2046 1401 2113 πονήρευμα,
1455 2045 1511 2098 τί
1559 2045 1631 2113 μὴ
1688 2045 1770 2097 δι-

79 2234 190 2277 dum
222 2235 305 2277 aut
336 2234 384 2276 in
426 2233 670 2290 ἐπιτιμίοις
709 2234 986 2278 mutandum
1027 2236 1185 2278 censet
1216 2234 1283 2278 Re
1361 2234 1426 2279 ἔτι
1466 2234 1571 2278 coni
1607 2234 1768 2279 Iacobo

79 2293 191 2337 Lech
219 2297 224 2348 Ι
254 2291 535 2350 ἐναχόμενον
559 2294 603 2337 L
665 2293 950 2352 ἀνεχόμενον
976 2295 1065 2338 Μα
1096 2294 1177 2338 sed
1210 2294 1240 2337 ἀ
1271 2293 1320 2336 in
1354 2293 1376 2338 ἐ
1407 2307 1509 2338 corr
1539 2294 1623 2348 ιη’,
1650 2295 1771 2340 GlVi

200 2357 222 2396 1
257 2350 317 2397 ἂν
348 2366 423 2396 om
447 2354 574 2397 BVa
623 2354 629 2409 Ι
680 2352 751 2409 εἴη
783 2354 890 2409 post
921 2351 1108 2398 δίκαιον
1139 2353 1437 2398 inserendum
1468 2354 1652 2398 videtur

0 2396 3 2467 s
79 2415 107 2453 4
138 2410 487 2456 ἀπεσκευακότα
511 2413 556 2456 Β
607 2418 614 2464 Ι
663 2413 743 2456 καὶ
775 2426 849 2455 om
877 2412 1089 2457 MaolVi
1231 2417 1256 2456 5
1288 2412 1589 2457 παντάπασιν
1615 2415 1702 2457 Μα
1715 2414 1771 2457 Vi

79 2484 220 2525 „num
251 2471 467 2516 ἀπαντᾶν
499 2471 644 2515 actm?
675 2485 770 2516 ‘non
799 2473 914 2515 satis
939 2473 1117 2528 placet“
1150 2472 1217 2515 Re
1254 2473 1260 2528 Ι
1294 2477 1531 2528 προσῆκον
1559 2473 1772 2517 Maoni

0 2528 7 2578 3
83 2530 88 2588 Ι
124 2527 205 2574 καί
236 2542 310 2573 om
343 2531 401 2575 Vi
523 2535 546 2573 7
578 2537 670 2574 τῶν
702 2544 778 2574 om
803 2531 928 2575 BVa
1056 2536 1081 2575 9
1114 2528 1337 2588 γένοιτοτ’
1372 2532 1430 2575 Vi
1478 2533 1485 2588 Ι
1533 2548 1602 2582 τις
1634 2545 1768 2588 repo-

80 2588 151 2632 sui
184 2602 209 2632 e
239 2588 372 2633 libris
405 2603 509 2633 cum
541 2589 734 2634 Morello
767 2589 863 2633 Not
894 2592 942 2634 01:
973 2589 1147 2634 Cobeto
1181 2590 1391 2635 0011297
1460 2607 1504 2635 τι
1536 2591 1627 2634 edd

83 2652 137 2692 10
162 2647 276 2704 γυνὴ
302 2648 488 2704 reposui
514 2662 538 2692 e
562 2648 694 2692 libris
748 2665 816 2700 τις
841 2648 932 2692 edd
993 2649 1111 2706 γυνή
1142 2666 1211 2700 τις
1243 2649 1347 2694 coni
1379 2649 1446 2693 Re
1569 2654 1621 2692 12
1655 2649 1768 2693 ὑπο-

79 2706 338 2763 κλέψαντος
361 2707 524 2764 scripsi
584 2707 927 2762 ὑπεκλέψοντος
949 2707 1059 2752 libri
1084 2709 1174 2752 edd
1283 2713 1338 2752 15
1363 2706 1643 2764 ἀνελόμενον
1659 2709 1768 2751 Fen·

79 2765 180 2810 Mor
211 2766 291 2810 sed
323 2766 373 2810 in
404 2766 492 2811 hoc
523 2784 577 2823 γρ
615 2765 932 2823 ἀνθελόμενον
962 2766 1011 2810 in
1042 2781 1176 2825 marg
1298 2772 1349 2812 17
1384 2769 1463 2811 καὶ
1493 2767 1594 2825 τῆς]
1627 2770 1769 2823 καλῆς

78 2824 241 2868 Iacobs
272 2825 386 2870 Lect
506 2830 560 2870 19
594 2826 645 2871 δὲ
677 2826 842 2882 scripsi
874 2839 899 2869 e
926 2828 1014 2871 Ma
1026 2827 1093 2871 Va
1154 2826 1211 2883 δὴ
1236 2827 1526 2873 LPaG'lViB
1558 2826 1648 2869 edd

82 2887 138 2926 20
177 2883 406 2942 αι’,ἰῖχιστος
438 2886 508 2929 Va
546 2885 627 2928 sed
666 2902 720 2942 γρ
763 2885 975 2942 ἔχθιστος
1012 2885 1060 2929 in
1100 2900 1235 2944 marg
1284 2889 1290 2943 Ι
1339 2891 1559 2930 τοσοῦτον
1594 2886 1651 2930 Vi

82 2947 135 2985 21
171 2941 469 2988 δικαιότατον
493 2945 619 2989 BVa

1822 634 1842 668 5

1800 1082 1842 1114 10

1797 1528 1838 1562 15

1795 1975 1838 2008 20
