2014 3158
213 615 231 647 5

191 1060 232 1091 10

189 1503 231 1536 15

187 1948 231 1980 20

261 104 371 156 464
671 102 938 163 [LIBANII]
972 102 1363 147 DECLAMATIO
1394 103 1539 147 XLIII

258 240 599 308 μαθημάτων
639 237 725 291 ἐπὶ
758 247 935 308 ψυχῆς
967 237 1287 308 ἐντύπωσις,
1329 235 1411 308 ἐφ’
1452 232 1536 301 οἷς
1566 239 1655 291 καὶ
1693 239 1951 307 διδάσκαε

259 332 346 380 λοι
400 336 594 396 ψυχῶν
654 327 883 396 πατέρες
943 330 1269 395 νομίζονται.
1339 326 1423 380 55.
1479 326 1570 380 καὶ
1626 328 1804 395 ὥσπερ
1859 326 1952 381 ἐπ’

260 416 501 484 ἐκείνων,
541 416 786 485 ὑγιεινὸς
823 414 925 486 μὲν
963 418 1010 469 εἰ
1050 417 1205 486 τύχοι
1252 419 1452 486 πατήρ,
1499 416 1751 485 ὑγιεινὸν
1798 425 1951 483 σῶμα

257 505 643 574 προσεπέφυσε
681 511 757 576 τῷ
796 504 954 558 παιδὶ
1000 504 1090 558 καὶ
1138 507 1302 567 καλὸς
1348 504 1532 572 ἕτερος
1579 501 1746 567 αὖθις
1792 503 1949 573 ἐμόρ-

259 595 562 663 φωσε’τὴν
609 595 740 657 ὄψιν
787 593 842 656 εἷς
889 595 1111 659 κάλλος,
1158 594 1387 663 νοσερὸς
1435 591 1495 646 δὲ
1542 593 1871 647 τούναντίον
1918 593 1950 662 ἢ

257 682 346 735 καὶ
396 684 794 752 δυσπρόσωπος
840 684 1102 751 τοιαύτην
1147 681 1378 752 ἐνέθηκε
1423 685 1524 751 τὴν
1565 683 1739 751 φύσιν
1778 681 1810 751 ἢ
1851 683 1950 751 τὴν

256 773 480 840 μορφὴν
513 772 843 840 ἐτυπώσατο,
870 773 1014 826 οὕτω
1050 774 1116 841 δὴ
1150 772 1439 825 κάνταῦθα
1472 773 1698 841 γνώμην
1730 771 1951 840 ἀγαθὴν

258 864 431 930 σοφός
477 881 560 923 τις
605 862 1031 930 παιδαγωγήσας
1080 861 1315 930 ἐνέφυσε
1362 862 1454 914 καί
1491 881 1596 930 τις,
1635 859 1737 913 κᾶν
1776 862 1847 929 μὴ
1888 861 1949 914 τὸ

1042 949 1333 970 ‚‚‚‚‚

258 1052 404 1091 σατο.
467 1037 551 1090 56.
593 1039 642 1091 εἰ
686 1038 788 1105 μὲν
835 1034 939 1092 οὖν
985 1039 1092 1091 ὑπὸ
1141 1044 1215 1109 τῷ
1254 1039 1538 1110 καταράτῳ
1592 1037 1784 1109 ἐκείνῳ
1823 1057 1949 1106 τρα-

257 1126 451 1196 φέντες
506 1128 584 1190 εἰς
636 1128 762 1180 τόδε
815 1135 909 1196 τῆς
964 1126 1176 1195 ἡλικίας
1238 1126 1576 1197 ἀνέδραμον,
1633 1122 1702 1195 ἧν
1759 1126 1831 1198 ὡς
1883 1129 1949 1180 τὰ

255 1217 431 1268 πολλὰ
479 1225 590 1268 τῶν
638 1214 852 1268 ἐκείνου
906 1225 1254 1284 τυραννικῶν
1308 1213 1762 1284 ἀπομαξαμένους
1817 1215 1948 1268 ἀπο-

255 1308 492 1357 κτείνειν
531 1305 634 1357 οὐκ
673 1306 899 1372 ἄλογον·
941 1312 1048 1357 νῦν
1089 1302 1140 1357 δ’
1179 1304 1208 1357 ὁ
1249 1301 1351 1374 μὲν
1391 1302 1472 1356 ἐπ’
1517 1305 1702 1366 ἄλλοις
1741 1298 1849 1373 εἶχε
1889 1305 1948 1357 τὸ

254 1395 397 1446 πολὺ
444 1401 539 1462 τῆς
586 1395 885 1461 φροντίδος
930 1392 1020 1445 καὶ
1067 1395 1197 1455 τοὺς
1251 1394 1606 1463 δορυφόρους
1659 1394 1726 1445 τὰ
1780 1394 1949 1462 βαρύ-

254 1501 388 1534 τατα
425 1491 758 1550 κακουργεῖν
797 1481 1123 1550 ἐξεπαίδευε,
1163 1483 1396 1544 τούτους
1429 1482 1491 1534 δὲ
1522 1482 1554 1550 ἡ
1589 1483 1946 1551 γενναιοτάτη

255 1579 447 1624 πασῶν
486 1571 623 1639 αὕτη
671 1580 954 1639 γυναικῶν
992 1581 1180 1641 πρῶτα
1219 1571 1320 1639 μὲν
1367 1570 1533 1639 ἀνῆκε
1579 1579 1674 1639 τῆς
1713 1571 1948 1640 γαστρὸς

255 1660 362 1712 ὑπὸ
402 1662 623 1730 μυρίαις
664 1660 823 1713 ὠδῖσι
865 1659 1192 1729 βαλλομένη,
1233 1662 1415 1713 ἔπειτα
1454 1667 1686 1714 τεκοῦσα
1726 1661 1827 1728 τὴν
1863 1681 1948 1727 μι-

255 1750 601 1816 σοτύραννον
640 1749 824 1818 θηλὴν
862 1748 1183 1802 ὑπανέτεινε
1228 1750 1319 1802 καὶ
1366 1751 1812 1817 τυραννοκτόνου
1851 1749 1947 1816 γά-

255 1841 449 1900 λακτος
503 1835 693 1906 ἔγευσε
746 1838 836 1890 καὶ
890 1838 1080 1907 χερσὶν
1134 1838 1379 1891 ἀνείλετο
1434 1838 1803 1900 καθελούσαις
1847 1839 1946 1890 τὸν

253 1926 548 1994 τύραννον,
587 1925 736 1994 ὥστ’,
770 1928 817 1979 εἰ
850 1929 935 1979 δεῖ
966 1947 1018 1979 τι
1053 1925 1144 1980 καὶ
1174 1936 1286 1980 τῶν
1317 1929 1588 1980 τεκόντων
1620 1926 1785 1993 φύσει
1817 1928 1947 1989 τοὺς

253 2016 452 2077 παῖδας
493 2014 950 2085 ε’ναποφέρεσθαι,
991 2015 1189 2083 ταύτης
1228 2014 1298 2067 ἂν
1337 2009 1448 2067 εἷεν
1486 2016 1676 2077 παῖδες
1718 2013 1809 2067 καὶ
1848 2015 1946 2067 τὸν

254 2106 460 2172 τρόπον
507 2103 647 2171 ὁμοῦ
693 2105 784 2157 καὶ
830 2105 931 2172 τὴν
981 2103 1202 2172 γένεσιν
1246 2105 1350 2156 κᾶν
1403 2121 1511 2156 που
1561 2104 1944 2172 τυραννοῦντά

375 2254 396 2292 1
433 2248 628 2302 Quintil.
660 2249 767 2293 inst.
792 2249 834 2292 II
859 2254 899 2305 9,
920 2255 942 2292 1
1069 2254 1122 2293 10
1155 2249 1286 2293 Chor.
1319 2251 1407 2304 tyr.
1442 2264 1486 2304 p.
1515 2253 1583 2302 61,
1603 2251 1627 2290 3

373 2387 397 2424 2
442 2389 606 2439 ψυχῶν
649 2381 842 2435 πατέρες
883 2382 1048 2438 scripsi
1082 2394 1106 2425 e
1146 2382 1388 2427 MaOzVat
1430 2395 1533 2424 cum
1578 2380 1787 2424 Iacobsio
1830 2381 1943 2425 Lect

255 2440 395 2485 Schul
466 2442 617 2499 ψυχαὶ
647 2441 860 2496 πατέρων
886 2444 970 2486 Mo
1008 2442 1069 2485 Re
1204 2446 1231 2483 4
1263 2438 1584 2495 προσεπέφυσε
1614 2440 1778 2496 scripsi
1803 2454 1828 2484 e
1854 2443 1942 2485 Ma

256 2500 406 2544 GzVat
480 2499 743 2556 προσέφυσε
775 2502 855 2544 Mo
895 2501 962 2543 Re
1108 2504 1133 2543 6
1173 2498 1505 2554 ὃνσπρόσωπος
1545 2499 1710 2555 scripsi
1743 2513 1767 2543 e
1797 2500 1942 2544 Maoz

262 2560 352 2604 Vat
382 2574 486 2602 oum
520 2559 700 2603 Sinteni
762 2559 1020 2614 δύστροπος
1046 2561 1129 2604 Mo
1154 2559 1220 2602 Rs
1248 2561 1254 2615 Ι
1283 2557 1479 2614 ἐνέθηκε
1512 2559 1678 2614 scripsi
1710 2572 1814 2609 cum
1839 2558 1941 2602 Sin-

253 2618 351 2662 teni
413 2617 644 2662 ἐντέθεικε
675 2617 783 2661 libri
816 2618 883 2662 Re
922 2621 927 2676 Ι
971 2619 1114 2675 φύσιν
1146 2617 1310 2674 scripsi
1372 2617 1504 2674 ἰσχὺν
1536 2617 1643 2659 libri
1675 2618 1744 2660 Re
1786 2617 1792 2674 Ι
1831 2614 1941 2672 ἢ-

256 2681 280 2719 7
314 2677 576 2721 ἐτυπώσατο
610 2677 810 2721 delenda
843 2680 1000 2721 censet
1029 2677 1265 2720 Iacobsius
1298 2675 1439 2720 Schul
1576 2680 1600 2718 9
1637 2675 1863 2732 ὑφετέρου
1890 2676 1943 2720 Ol

256 2738 339 2780 Mo
477 2741 529 2780 11
565 2737 610 2786 ἐς
637 2736 780 2780 ΜαΟῐ
915 2741 968 2780 17
1001 2736 1085 2793 τὴν
1117 2750 1191 2779 om
1224 2737 1313 2781 Vat
1450 2740 1503 2778 18
1535 2735 1688 2791 θηλὴν
1720 2734 1883 2791 scripsi
1915 2748 1940 2778 e

255 2794 497 2839 ManVat
528 2809 633 2838 cum
662 2794 873 2839 Iacobsio
905 2795 1045 2838 Anth.
1072 2795 1167 2839 Pal.
1194 2794 1257 2838 111
1281 2798 1366 2837 563
1401 2796 1505 2851 App
1538 2794 1649 2837 Pors
1681 2799 1765 2837 329
1800 2793 1940 2836 Schul

254 2856 300 2897 et
326 2853 507 2898 Sinheni
582 2855 734 2910 θηλὺν
759 2855 843 2898 Mo
918 2857 1070 2910 θῆλυν
1100 2854 1168 2897 Re
1313 2858 1367 2896 20
1399 2854 1507 2903 τοὺς
1538 2852 1713 2898 inserui
1745 2867 1768 2896 e
1796 2853 1940 2896 MaOI

262 2913 352 2957 Vat
410 2926 485 2956 om
514 2914 594 2958 Mo
625 2913 692 2956 Re
