2044 3168
190 126 403 171 PATRIS
435 125 646 171 CAEDIS
677 126 874 171 FILIAE
906 125 1258 179 GENERIQUE
1290 125 1589 170 DEFENSIO
1652 124 1760 178 319

71 265 201 333 χερσὶ
232 294 293 301 -
322 261 413 330 ὑφ’
442 261 511 316 ὧν
535 295 606 301 -
631 265 950 333 ἐθρεψάμην;
987 264 1083 315 ἀπὸ
1110 288 1180 305 =
1205 263 1314 331 περὶ
1345 284 1391 329 p.
1421 267 1631 328 358,13
1664 263 1761 315 ἀπὸ

69 348 166 390 τῶν
214 340 530 407 φαυλοτέρων
574 350 812 406 ποιοῦμαι
863 339 1002 400 τοὺς·
1032 338 1222 406 λόγους.
1294 341 1362 388 Et
1416 338 1505 406 μὲν
1540 368 1608 374 —
1642 338 1762 389 ἀλλὰ

70 433 119 479 p.
146 418 268 477 340,
288 418 556 476 21—341‚
576 418 605 464 6
638 419 740 464 iam
771 416 971 464 Reiskio
1004 415 1261 463 offensioni
1292 415 1403 463 fuit.
1459 416 1596 463 Idem
1627 415 1764 463 valet

72 491 132 538 de
163 507 211 552 p.
239 491 362 552 362,
383 492 412 539 3
448 487 514 550 ὥς
545 487 634 554 μὲν
665 488 916 548 ἀναιδείας
946 487 1123 555 γέμων,
1155 485 1222 548 ὥς
1246 482 1292 537 δ’
1320 487 1401 538 ἐπὶ
1431 493 1593 548 κενοῖς
1624 487 1760 552 φιλό-

0 572 1 581 ’
72 582 236 629 μαχος.
298 564 368 613 Ut
414 567 588 614 auctor
636 562 718 613 καὶ
767 564 1070 627 particulam
1119 564 1173 611 in
1219 563 1409 612 deliciis
1455 564 1631 611 habuit
1676 556 1760 630 (cf.

70 656 116 702 p.
145 640 266 699 342,
289 641 341 700 '⁰⁷3
375 641 497 699 360,
517 633 626 704 10),
647 640 723 687 ita
747 654 856 686 eam
880 654 1035 700 aeque
1060 639 1210 700 atque
1239 636 1491 686 Choricius
1517 640 1566 686 et
1590 640 1764 686 auctor

70 713 444 762 declamationis
482 712 669 774 XLHI,
716 713 795 761 cui
841 713 991 760 etiam
1039 713 1167 760 hanc
1204 712 1519 760 tribuendam
1558 712 1762 773 conicio,

70 788 222 835 etiam
252 790 367 849 post
396 785 512 851 μετὰ
544 787 832 835 creberrime
862 787 1033 849 posuit
1066 781 1150 855 (cf.
1182 786 1246 834 ad
1277 804 1323 850 p.
1352 788 1474 846 343,
1493 780 1565 853 4).
1612 786 1762 834 Prae-

69 863 366 923 positionem
398 861 491 910 σὺν
521 861 705 910 vitavit
734 861 830 923 vel,
861 864 918 909 ut
950 862 1228 910 accuratius
1261 861 1446 922 dicam,
1478 863 1677 909 tantum
1708 862 1761 908 in

69 937 353 998 compositis
393 935 595 984 admisit
633 937 913 998 promiscue
946 952 1057 984 cum
1097 933 1210 999 ξύν,
1243 935 1295 983 id
1326 935 1460 998 quod
1497 935 1616 983 item
1650 936 1763 982 usui

68 1010 267 1058 Libanii
304 1011 573 1074 repugnat,
621 1010 708 1072 qui
752 1012 812 1058 ut
851 1009 1218 1072 praepositione
1265 1007 1359 1058 σὺν
1401 1009 1561 1058 multo
1600 1011 1761 1058 rarius

71 1100 219 1146 quam
251 1082 366 1148 μετὰ
397 1099 514 1133 usus
539 1078 683 1150 est¹)‚
713 1085 787 1132 ita
810 1085 863 1132 in
889 1085 1174 1146 compositis
1200 1100 1310 1132 eam
1333 1084 1521 1132 formae
1546 1082 1637 1144 ξὺν
1660 1083 1762 1131 fere

69 1175 261 1220 semper
283 1159 537 1221 praetulit,
560 1174 671 1207 cum
694 1174 787 1206 usu
810 1175 925 1207 vero
952 1160 1171 1207 auctoris
1196 1158 1572 1208 declamationis
1596 1158 1763 1206 XLIII

69 1233 311 1281 convenit.
342 1233 574 1281 Aetatem
604 1232 815 1282 Libanio
846 1234 1004 1281 multo
1036 1233 1359 1295 posteriorem
1383 1249 1494 1281 cum
1522 1233 1762 1281 nonnulla

68 1323 240 1355 eorum
272 1323 397 1368 quae
429 1307 618 1368 protuli
654 1310 763 1356 tum
802 1308 1133 1370 proprietates
1173 1307 1417 1370 quaedam
1456 1307 1761 1370 syntacticae

66 1381 302 1430 indicant.
333 1381 642 1430 Indicativus
667 1382 825 1430 futuri
840 1398 938 1429 non
956 1382 1113 1431 solum
1133 1398 1222 1445 pro
1249 1382 1562 1430 coniunctivo
1587 1383 1763 1430 aoristi

66 1455 359 1518 imperative
392 1455 476 1504 sed
508 1458 660 1504 etiam
692 1456 1099 1505 condicionaliter
1130 1459 1180 1504 et
1210 1456 1428 1504 finaliter
1457 1458 1649 1520 positus
1687 1459 1762 1504 est

66 1547 113 1592 p.
141 1531 349 1593 326,16
393 1527 563 1594 δέομαι
594 1528 735 1594 ὑμῶν
773 1528 856 1579 καὶ
893 1530 1027 1579 πάνυ
1061 1528 1256 1595 δέομαι,
1296 1529 1363 1595 μή
1397 1548 1493 1595 μου
1525 1529 1762 1597 πρότερον

65 1608 556 1668 καταψηφιεῖσθε
611 1598 747 1696 μηδ’
779 1601 846 1664 ὡς
890 1602 1065 1654 ἄδικον
1117 1602 1228 1670 περὶ
1273 1603 1389 1663 τοὺς
1435 1603 1584 1669 ἐμοὺς
1636 1602 1754 1653 ἀπο-

65 1678 278 1742 κτείνητε
324 1677 443 1744 πρὶν
495 1698 558 1727 αν
612 1676 752 1728 αὐτοὶ
805 1679 1070 1745 λογίσησθε
1119 1679 1418 1744 παρεστάναι
1462 1681 1528 1748 τῷ
1579 1678 1762 1744 βήματι

65 1750 147 1802 καὶ
186 1757 250 1821 τῷ
290 1755 504 1819 λογισμῷ
538 1781 607 1786 -
641 1751 722 1802 καὶ
759 1754 943 1816 πηλίκα
983 1750 1072 1817 μὲν
1111 1750 1144 1817 ἡ
1185 1752 1337 1845 φύσις
1383 1753 1590 1802 δύναται
1628 1751 1762 1818 παρὰ

0 1840 3 1841 ’
66 1831 168 1885 τοῖς
197 1827 408 1892 πατράσι
438 1827 880 1893 ξυλλογιεῖσθε;
911 1845 958 1920 p.
986 1829 1110 1889 329,
1130 1825 1201 1876 1
1184 1846 1248 1876 αν
1279 1820 1371 1877 οὖν
1395 1825 1486 1893 ἐγὼ
1520 1824 1609 1891 μὲν
1640 1825 1760 1876 ἀνα-

67 1905 279 1965 μνησθῶ
317 1907 405 1950 τοῦ
445 1906 740 1966 θαυμαστοῦ
771 1902 995 1967 νυμφίου
1026 1899 1109 1951 καὶ
1140 1909 1237 1950 τῶν
1268 1905 1432 1951 καλῶν
1462 1920 1549 1992 της
1584 1900 1761 1960 παιδὸς

66 1973 463 2039 ἐπιτηδευμάτων
493 1974 575 2024 καὶ
615 1974 673 2024 τὰ
713 1972 802 2040 μὲν
841 1974 1004 2041 ἀθρόα
1035 1976 1423 2046 προσεπιρρεύσῃ
1463 1974 1521 2025 τὰ
1553 1975 1760 2043 δάκρυα,

66 2047 123 2097 τὰ
156 2047 208 2099 δὲ
238 2056 325 2114 τῆς
357 2057 532 2114 φωνῆς
570 2049 981 2112 ἐκκεκόψεται,
1018 2049 1076 2099 τὰ
1116 2048 1169 2100 δὲ
1207 2057 1305 2100 τῶν
1336 2049 1494 2117 λόγων
1533 2049 1760 2115 οἰχήσε-

66 2141 185 2186 ται,
232 2123 298 2188 μὴ
345 2124 591 2189 περιίδητε
637 2128 702 2194 τῷ
745 2123 898 2173 πάθει
942 2132 1029 2189 τῆς
1069 2124 1267 2189 μνήμης
1305 2123 1664 2190 ἐκκρουόμενον
1703 2123 1760 2173 τὰ

66 2197 244 2259 πολλά;
276 2215 322 2261 p.
351 2200 557 2259 342,2l
594 2196 657 2263 ἢν
690 2196 744 2247 δέ
776 2217 858 2262 μοι
888 2196 970 2247 καὶ
1002 2195 1032 2263 ἡ
1065 2197 1164 2265 χεὶρ
1208 2197 1455 2263 ἀθεμίτως
1493 2205 1644 2247 ταῦτα
1677 2197 1760 2248 καὶ

68 2271 134 2336 μὴ
174 2272 523 2338 προσηκόντως
563 2273 920 2335 ξυνείσεταις
965 2290 1012 2336 p.
1040 2275 1209 2335 364,1
1254 2269 1422 2332 ὁσάκις
1466 2272 1556 2337 τὴν
1596 2270 1760 2333 δεξιὰν

67 2342 318 2410 ὄψομαι,
367 2347 660 2411 μνημονεύω
704 2353 790 2395 τοῦ
833 2346 1012 2409 ξίφους
1054 2350 1104 2396 et
1141 2364 1188 2410 p.
1217 2348 1388 2410 365,ss
1430 2345 1493 2396 ἂν
1533 2343 1761 2410 ὄψομαι

67 2418 158 2483 τὴν
195 2420 440 2483 παστάδα,
479 2419 538 2469 τὰ
575 2428 662 2485 τῆς
700 2418 902 2487 ὑστέρας
943 2421 1092 2487 τύχης
1138 2421 1411 2487 λογίζομαις
1458 2439 1505 2484 p.
1540 2422 1755 2483 325‚17

69 2493 152 2542 ἴνα
190 2491 324 2562 ἐξέλῃ
363 2493 446 2544 καὶ
484 2493 843 2554 ἀντεισάξει;
892 2511 1048 2558 aeque
1088 2496 1318 2558 frequens
1360 2495 1639 2544 infinitivus
1679 2496 1758 2542 fu-

67 2567 171 2616 turi
224 2585 313 2631 pro
366 2571 618 2631 praesenti
670 2586 717 2632 p.
760 2570 864 2618 328
917 2572 982 2618 12
1039 2569 1258 2634 βαδίζειν
1310 2567 1390 2618 ἐπὶ
1442 2567 1496 2618 τὸ
1550 2569 1758 2628 πείσειν;

1458 2635 1721 2660 ’’’’

69 2713 245 2764 ἐκεῖνοι
293 2717 494 2776 δικαίως
543 2716 854 2766 πεπτώκασιν
902 2716 1049 2776 αὐτὸς
1095 2715 1369 2766 ἀδικώτατα
1422 2737 1451 2766 κ
1461 2735 1482 2765 ε
1492 2716 1514 2765 ί
1521 2730 1549 2764 σ
1559 2735 1579 2765 ε
1590 2730 1619 2764 σ
1627 2720 1666 2764 θ
1674 2736 1707 2764 α
1716 2735 1733 2764 ι
1743 2734 1757 2776 ;

189 2890 231 2944 1)
264 2887 330 2932 cf.
363 2887 505 2944 Tych.
537 2887 810 2943 Mommsen,
841 2887 982 2931 Beitr.
1015 2903 1051 2933 z
1085 2888 1130 2933 d.
1162 2887 1308 2932 Lehre
1340 2901 1429 2931 von
1461 2887 1551 2931 den
1582 2887 1756 2973 griech.

69 2946 450 3003 Praepositionen
481 2962 525 3003 p.
553 2951 653 2990 407.
