2044 3168
0 1379 17 1530 ς

402 142 646 188 IUVENIS
678 142 891 188 FORTIS
923 142 1143 188 DIVITIS
1175 142 1478 188 APOLOGIA
1674 142 1782 195 239

202 284 260 331 In
293 283 455 332 lucem
485 286 742 346 protracta
781 286 855 332 est
893 283 1187 332 declamatio
1229 299 1357 332 anno
1395 285 1532 332 1517
1568 283 1783 332 editione

90 357 482 406 Feri-ariensi
504 352 598 425 (=
623 351 766 425 Ferr)
799 359 885 406 fol.
914 359 1174 407 351--411‘
1205 373 1330 419 quae
1363 374 1388 406 e
1419 357 1782 406 Wolfenbutte-

25 479 27 483 Α
90 431 206 479 lano
239 431 406 480 codice
438 432 619 494 prioris
649 432 870 480 familiae
900 425 1111 498 fluxit.¹)
1159 431 1301 480 Hanc
1333 432 1462 480 Fed.
1494 430 1782 479 Morellus

91 505 304 554 editione
330 522 459 555 anno
490 507 628 555 1606
654 507 788 555 foras
812 507 964 554 missa
986 505 1161 554 Liban.
1188 522 1300 569 opp.
1321 508 1358 554 t.
1375 506 1399 554 I
1424 523 1470 569 p.
1494 507 1779 565 7270—739

90 573 185 646 (=
209 578 340 644 Mor)
377 580 612 643 repetivit
642 581 814 643 paucis
847 581 1078 629 correctis
1109 580 1190 628 vel
1221 597 1333 628 cum
1363 599 1434 645 γρ.
1467 581 1520 627 in
1558 581 1782 644 margine

88 648 318 720 positis²)
345 670 471 717 quae
505 672 529 702 e
562 655 727 704 codice
761 654 1015 704 simillimo
1049 654 1230 704 codicis
1262 656 1330 702 M
1356 648 1633 720 sumpsiass)

200 728 366 777 Pauca
397 729 544 778 huius
578 729 809 777 editionis
840 729 966 777 vitia
998 729 1281 777 Reiskius
1310 722 1403 796 (=
1428 722 1524 795 Re)
1552 728 1782 777 editionis

88 802 418 851 Ferrariensis
458 803 606 866 plane
644 805 902 852 immemor
934 819 1047 851 cum
1080 819 1172 865 ope
1206 803 1386 851 codicis
1419 802 1782 851 Wolfenbutte-

88 876 193 924 lani
223 879 332 925 tum
365 893 423 925 ex
446 878 646 940 ingenio
672 879 901 941 correxit,
936 878 1020 925 sed
1044 894 1170 926 uxor
1195 893 1320 940 quae
1346 878 1610 926 editionem
1644 892 1782 925 cura-

88 952 163 999 vit
192 953 229 999 t.
253 951 326 998 IV
356 968 403 1014 p.
432 952 722 1001 540—552
758 968 820 999 ne
859 952 981 1000 haec
1013 952 1214 1014 quidem
1246 952 1413 1000 omnia
1452 948 1502 999 in
1535 953 1676 999 textu
1706 967 1781 999 re-

88 1027 271 1087 posuit.

199 1099 367 1148 Pauca
398 1099 462 1147 ad
504 1101 636 1148 hunc
677 1100 1024 1164 corrigendum
1053 1101 1142 1150 Fr.
1174 1100 1486 1148 Iacobsius
1519 1115 1628 1147 cum
1664 1099 1784 1148 alibi

86 1175 194 1222 tum
224 1176 277 1221 in
312 1170 640 1223 ‘Lectionum'
674 1168 858 1242 libro4)
891 1177 941 1223 et
975 1174 1230 1223 Cobetus
1263 1175 1595 1223 contulerunt.

208 1331 250 1386 1)
284 1329 350 1375 Cf.
384 1332 416 1374 t.
443 1330 463 1374 Ι
494 1345 538 1387 p.
566 1335 634 1375 75.

204 1391 246 1446 2)
281 1389 345 1434 Cf.
379 1405 423 1446 p.
452 1394 618 1446 249,2;
653 1394 852 1445 257,14;
886 1395 986 1445 258,
1006 1395 1044 1435 5.

207 1451 250 1504 3)
275 1449 411 1493 Hunc
429 1449 636 1494 codicem
660 1449 976 1495 bibliothecae
995 1449 1174 1509 Regiae
1197 1449 1342 1494 fuisse
1359 1449 1459 1506 ipse
1475 1449 1584 1494 Not.
1603 1450 1636 1494 f.
1654 1449 1739 1495 VII
1755 1454 1780 1493 2

87 1508 148 1551 ad
171 1523 216 1565 p.
235 1512 372 1563 242‚3
398 1511 599 1554 testatur
621 1509 796 1555 verbis:
823 1510 1080 1565 „Scribitur
1104 1511 1242 1554 etiam
1265 1512 1317 1555 in
1339 1524 1477 1555 mnsc.
1504 1511 1613 1568 Req.
1639 1507 1782 1567 μαχό-

87 1571 270 1623 μενον“.
304 1567 372 1612 Ex
403 1568 461 1612 iis
503 1570 660 1613 autem
701 1569 783 1625 qui
821 1569 960 1614 hodie
993 1569 1040 1613 in
1076 1569 1366 1614 bibliotheca
1397 1569 1642 1614 Nationali
1675 1571 1783 1613 sunt

87 1627 324 1672 codicibus
348 1627 505 1671 nullus
533 1628 583 1672 in
608 1642 799 1672 censum
822 1629 980 1674 venire
1002 1629 1161 1685 potest
1184 1629 1276 1673 nisi
1299 1628 1538 1673 Parisinus
1564 1644 1630 1687 gr.
1652 1632 1781 1673 3018.

205 1689 249 1744 4)
283 1685 348 1731 Cf.
382 1688 413 1731 t.
440 1687 462 1731 Ι
491 1703 536 1744 p.
565 1692 618 1731 77
655 1690 702 1732 et
733 1687 776 1732 V
805 1703 850 1745 p.
879 1693 978 1732 198.
