<?xml version="1.0" encoding="UTF-8"?>
<!DOCTYPE html PUBLIC "-//W3C//DTD XHTML 1.0 Transitional//EN"
    "http://www.w3.org/TR/xhtml1/DTD/xhtml1-transitional.dtd">
<html xmlns="http://www.w3.org/1999/xhtml" xml:lang="en" lang="en">
 <head>
  <title>
</title>
<meta http-equiv="Content-Type" content="text/html;charset=utf-8" />
  <meta name='ocr-system' content='tesseract 3.04.00' />
  <meta name='ocr-capabilities' content='ocr_page ocr_carea ocr_par ocr_line ocrx_word'/>
</head>
<body>
  <div class='ocr_page' id='page_1' title='image "./operarecensuitri07libauoft_0728.png"; bbox 0 0 2014 3158; ppageno 0'>
   <div class='ocr_carea' id='block_1_1' title="bbox 231 155 1438 209">
    <p class='ocr_par' dir='ltr' id='par_1_1' title="bbox 231 155 1438 209">
     <span class='ocr_line' id='line_1_1' title="bbox 231 155 1438 209; baseline -0.002 -1"><span class='ocrx_word' id='word_1_1' title='bbox 231 155 337 209; x_wconf 85' lang='lat'><em>710</em></span> <span class='ocrx_word' id='word_1_2' title='bbox 717 159 946 204; x_wconf 76' lang='lat' dir='ltr'><strong>LIBANH</strong></span> <span class='ocrx_word' id='word_1_3' title='bbox 977 161 1370 207; x_wconf 79' lang='lat' dir='ltr'>DECLAMATIO</span> <span class='ocrx_word' id='word_1_4' title='bbox 1403 162 1438 205; x_wconf 84' lang='lat' dir='ltr'>L</span> 
     </span>
    </p>
   </div>
   <div class='ocr_carea' id='block_1_2' title="bbox 137 292 1930 2502">
    <p class='ocr_par' dir='ltr' id='par_1_2' title="bbox 139 292 1929 635">
     <span class='ocr_line' id='line_1_2' title="bbox 139 292 1928 366; baseline 0.002 -21"><span class='ocrx_word' id='word_1_5' title='bbox 139 292 152 295; x_wconf 16' lang='grc' dir='ltr'>χ</span> <span class='ocrx_word' id='word_1_6' title='bbox 222 294 425 360; x_wconf 77' lang='grc' dir='ltr'><em>φυγὼν</em></span> <span class='ocrx_word' id='word_1_7' title='bbox 464 293 496 346; x_wconf 75' lang='grc' dir='ltr'><em>ἃ</em></span> <span class='ocrx_word' id='word_1_8' title='bbox 536 295 609 363; x_wconf 87' lang='grc' dir='ltr'><em>μὴ</em></span> <span class='ocrx_word' id='word_1_9' title='bbox 650 293 848 366; x_wconf 76' lang='grc' dir='ltr'><em>ῥᾴδιον</em></span> <span class='ocrx_word' id='word_1_10' title='bbox 887 299 1058 365; x_wconf 81' lang='grc' dir='ltr'><strong><em>μόνος</em></strong></span> <span class='ocrx_word' id='word_1_11' title='bbox 1097 297 1426 366; x_wconf 84' lang='grc' dir='ltr'><em>ἐγκέκλημαι</em></span> <span class='ocrx_word' id='word_1_12' title='bbox 1465 305 1636 364; x_wconf 84' lang='grc' dir='ltr'><em>ταῦτα</em></span> <span class='ocrx_word' id='word_1_13' title='bbox 1668 296 1701 350; x_wconf 75' lang='grc' dir='ltr'><em>ἃ</em></span> <span class='ocrx_word' id='word_1_14' title='bbox 1739 295 1928 366; x_wconf 82' lang='grc' dir='ltr'><em>μηδεὶς</em></span> 
     </span>
     <span class='ocr_line' id='line_1_3' title="bbox 226 381 1925 455; baseline 0.002 -21"><span class='ocrx_word' id='word_1_15' title='bbox 226 383 392 444; x_wconf 79' lang='grc' dir='ltr'><em>ἄλλος</em></span> <span class='ocrx_word' id='word_1_16' title='bbox 430 382 588 437; x_wconf 83' lang='grc' dir='ltr'><em>νέων.</em></span> <span class='ocrx_word' id='word_1_17' title='bbox 628 387 685 436; x_wconf 88' lang='grc' dir='ltr'><em>τί</em></span> <span class='ocrx_word' id='word_1_18' title='bbox 721 381 825 438; x_wconf 83' lang='grc' dir='ltr'><em>οὖν</em></span> <span class='ocrx_word' id='word_1_19' title='bbox 861 388 1190 455; x_wconf 78' lang='grc' dir='ltr'><em>θαυμαστὸν</em></span> <span class='ocrx_word' id='word_1_20' title='bbox 1238 389 1284 440; x_wconf 85' lang='grc' dir='ltr'><em>εἰ</em></span> <span class='ocrx_word' id='word_1_21' title='bbox 1333 387 1442 440; x_wconf 86' lang='grc' dir='ltr'><em>ὑπὸ</em></span> <span class='ocrx_word' id='word_1_22' title='bbox 1491 395 1698 439; x_wconf 82' lang='grc' dir='ltr'><em>καινῶν</em></span> <span class='ocrx_word' id='word_1_23' title='bbox 1739 385 1925 454; x_wconf 83' lang='grc' dir='ltr'><em>ἐγκλη-</em></span> 
     </span>
     <span class='ocr_line' id='line_1_4' title="bbox 223 470 1929 544; baseline 0.002 -20"><span class='ocrx_word' id='word_1_24' title='bbox 223 473 411 540; x_wconf 82' lang='grc' dir='ltr'><em>μάτων</em></span> <span class='ocrx_word' id='word_1_25' title='bbox 467 470 554 525; x_wconf 86' lang='grc' dir='ltr'><em>ἐπὶ</em></span> <span class='ocrx_word' id='word_1_26' title='bbox 609 476 834 535; x_wconf 85' lang='grc' dir='ltr'><em>καινοὺς</em></span> <span class='ocrx_word' id='word_1_27' title='bbox 887 483 1169 544; x_wconf 82' lang='grc' dir='ltr'><em>προῆγμαι</em></span> <span class='ocrx_word' id='word_1_28' title='bbox 1228 477 1450 544; x_wconf 83' lang='grc' dir='ltr'><em>λόγους;</em></span> <span class='ocrx_word' id='word_1_29' title='bbox 1516 476 1599 528; x_wconf 85' lang='grc'><em>17.</em></span> <span class='ocrx_word' id='word_1_30' title='bbox 1647 473 1811 544; x_wconf 85' lang='grc' dir='ltr'><em>χωρὶς</em></span> <span class='ocrx_word' id='word_1_31' title='bbox 1866 474 1929 527; x_wconf 81' lang='grc' dir='ltr'><em>δὲ</em></span> 
     </span>
     <span class='ocr_line' id='line_1_5' title="bbox 223 560 1928 635; baseline 0.002 -21"><span class='ocrx_word' id='word_1_32' title='bbox 223 562 439 615; x_wconf 86' lang='grc' dir='ltr'><em>τούτων</em></span> <span class='ocrx_word' id='word_1_33' title='bbox 478 562 579 615; x_wconf 87' lang='grc' dir='ltr'><em>οὐκ</em></span> <span class='ocrx_word' id='word_1_34' title='bbox 619 560 882 615; x_wconf 83' lang='grc' dir='ltr'><em>ἐπιτάττω</em></span> <span class='ocrx_word' id='word_1_35' title='bbox 923 570 999 635; x_wconf 79' lang='grc' dir='ltr'><em>τςό</em></span> <span class='ocrx_word' id='word_1_36' title='bbox 1038 565 1204 632; x_wconf 80' lang='grc' dir='ltr'><em>πατρὶ</em></span> <span class='ocrx_word' id='word_1_37' title='bbox 1253 567 1490 634; x_wconf 79' lang='grc' dir='ltr'><strong><em>τήμερον</em></strong></span> <span class='ocrx_word' id='word_1_38' title='bbox 1529 562 1662 617; x_wconf 73' lang='grc' dir='ltr'><strong><em>οὐδὲ</em></strong></span> <span class='ocrx_word' id='word_1_39' title='bbox 1702 563 1928 633; x_wconf 84' lang='grc' dir='ltr'><em>ἐφεστη-</em></span> 
     </span>
    </p>

    <p class='ocr_par' dir='ltr' id='par_1_3' title="bbox 181 649 1928 1079">
     <span class='ocr_line' id='line_1_6' title="bbox 181 649 1927 722; baseline 0.002 -20"><span class='ocrx_word' id='word_1_40' title='bbox 181 651 334 713; x_wconf 63' lang='lat' dir='ltr'><em>weng</em></span> <span class='ocrx_word' id='word_1_41' title='bbox 386 650 547 719; x_wconf 80' lang='grc' dir='ltr'><em>λέγω·</em></span> <span class='ocrx_word' id='word_1_42' title='bbox 603 659 797 705; x_wconf 88' lang='grc' dir='ltr'><em>τοῦτο</em></span> <span class='ocrx_word' id='word_1_43' title='bbox 850 649 966 721; x_wconf 74' lang='grc' dir='ltr'><em>μὲν</em></span> <span class='ocrx_word' id='word_1_44' title='bbox 1014 652 1148 706; x_wconf 77' lang='grc' dir='ltr'><em>οὐδ’</em></span> <span class='ocrx_word' id='word_1_45' title='bbox 1203 655 1259 706; x_wconf 84' lang='grc' dir='ltr'><em>εἰ</em></span> <span class='ocrx_word' id='word_1_46' title='bbox 1306 654 1557 722; x_wconf 78' lang='grc' dir='ltr'><em>βούλει,</em></span> <span class='ocrx_word' id='word_1_47' title='bbox 1604 655 1927 721; x_wconf 72' lang='grc' dir='ltr'><em>ποιήσεις,</em></span> 
     </span>
     <span class='ocr_line' id='line_1_7' title="bbox 224 738 1927 811; baseline 0.001 -19"><span class='ocrx_word' id='word_1_48' title='bbox 224 738 443 793; x_wconf 80' lang='grc' dir='ltr'><em>ἐκεῖνο</em></span> <span class='ocrx_word' id='word_1_49' title='bbox 493 739 585 808; x_wconf 79' lang='grc' dir='ltr'><em>δέ,</em></span> <span class='ocrx_word' id='word_1_50' title='bbox 632 741 752 794; x_wconf 71' lang='grc' dir='ltr'><em>κᾶν</em></span> <span class='ocrx_word' id='word_1_51' title='bbox 798 744 857 794; x_wconf 87' lang='grc' dir='ltr'><em>εί</em></span> <span class='ocrx_word' id='word_1_52' title='bbox 900 743 979 810; x_wconf 81' lang='grc' dir='ltr'><em>μὴ</em></span> <span class='ocrx_word' id='word_1_53' title='bbox 1025 743 1326 811; x_wconf 84' lang='grc' dir='ltr'><em>βούλοιο,</em></span> <span class='ocrx_word' id='word_1_54' title='bbox 1380 740 1484 795; x_wconf 86' lang='grc' dir='ltr'><em>καὶ</em></span> <span class='ocrx_word' id='word_1_55' title='bbox 1539 750 1763 811; x_wconf 89' lang='grc' dir='ltr'><em>κρῖναι</em></span> <span class='ocrx_word' id='word_1_56' title='bbox 1809 739 1927 811; x_wconf 73' lang='grc' dir='ltr'><em>μὲν</em></span> 
     </span>
     <span class='ocr_line' id='line_1_8' title="bbox 225 828 1928 901; baseline 0.001 -19"><span class='ocrx_word' id='word_1_57' title='bbox 225 829 341 882; x_wconf 85' lang='grc' dir='ltr'><em>οὐκ</em></span> <span class='ocrx_word' id='word_1_58' title='bbox 380 828 732 900; x_wconf 77' lang='grc' dir='ltr'><em>ἐπιτρέψω,</em></span> <span class='ocrx_word' id='word_1_59' title='bbox 771 839 1026 884; x_wconf 89' lang='grc' dir='ltr'><em>κτεῖναι</em></span> <span class='ocrx_word' id='word_1_60' title='bbox 1067 831 1135 884; x_wconf 81' lang='grc' dir='ltr'><em>δὲ</em></span> <span class='ocrx_word' id='word_1_61' title='bbox 1176 830 1625 900; x_wconf 85' lang='grc' dir='ltr'><em>ἐπαναγκάσω,</em></span> <span class='ocrx_word' id='word_1_62' title='bbox 1665 829 1786 901; x_wconf 30' lang='grc' dir='ltr'><em>ἀλλ’,</em></span> <span class='ocrx_word' id='word_1_63' title='bbox 1829 829 1928 898; x_wconf 82' lang='grc' dir='ltr'><em>ἐφ’</em></span> 
     </span>
     <span class='ocr_line' id='line_1_9' title="bbox 223 919 1927 989; baseline 0.002 -19"><span class='ocrx_word' id='word_1_64' title='bbox 223 919 362 985; x_wconf 81' lang='grc' dir='ltr'><em>ὑμᾶς</em></span> <span class='ocrx_word' id='word_1_65' title='bbox 408 919 523 987; x_wconf 77' lang='grc' dir='ltr'><em>ἥκω</em></span> <span class='ocrx_word' id='word_1_66' title='bbox 571 921 671 972; x_wconf 86' lang='grc' dir='ltr'><em>τὸν</em></span> <span class='ocrx_word' id='word_1_67' title='bbox 726 921 905 989; x_wconf 82' lang='grc' dir='ltr'><em>δῆμον</em></span> <span class='ocrx_word' id='word_1_68' title='bbox 959 921 1058 973; x_wconf 91' lang='grc' dir='ltr'><em>τὸν</em></span> <span class='ocrx_word' id='word_1_69' title='bbox 1110 921 1539 989; x_wconf 82' lang='grc' dir='ltr'><em>φιλάνθρωπον,</em></span> <span class='ocrx_word' id='word_1_70' title='bbox 1590 921 1689 973; x_wconf 89' lang='grc' dir='ltr'><em>τὸν</em></span> <span class='ocrx_word' id='word_1_71' title='bbox 1734 922 1927 973; x_wconf 88' lang='grc' dir='ltr'><em>κοινὸν</em></span> 
     </span>
     <span class='ocr_line' id='line_1_10' title="bbox 223 1007 1924 1079; baseline 0.002 -20"><span class='ocrx_word' id='word_1_72' title='bbox 223 1007 428 1077; x_wconf 80' lang='grc' dir='ltr'><strong><em>πατέρα</em></strong></span> <span class='ocrx_word' id='word_1_73' title='bbox 475 1017 586 1062; x_wconf 81' lang='grc' dir='ltr'><em>τῶν</em></span> <span class='ocrx_word' id='word_1_74' title='bbox 625 1008 782 1062; x_wconf 83' lang='grc' dir='ltr'><em>νέων.</em></span> <span class='ocrx_word' id='word_1_75' title='bbox 828 1008 917 1062; x_wconf 82' lang='grc' dir='ltr'><em>καὶ</em></span> <span class='ocrx_word' id='word_1_76' title='bbox 964 1011 1026 1063; x_wconf 87' lang='grc' dir='ltr'><em>τὸ</em></span> <span class='ocrx_word' id='word_1_77' title='bbox 1075 1007 1177 1079; x_wconf 72' lang='grc' dir='ltr'><em>μὲν</em></span> <span class='ocrx_word' id='word_1_78' title='bbox 1227 1009 1358 1079; x_wconf 87' lang='grc' dir='ltr'><em>ἐμόν</em></span> <span class='ocrx_word' id='word_1_79' title='bbox 1398 1010 1547 1063; x_wconf 90' lang='grc' dir='ltr'><em>ἐστιν</em></span> <span class='ocrx_word' id='word_1_80' title='bbox 1589 1011 1810 1078; x_wconf 76' lang='grc' dir='ltr'><em>ἱκετεία,</em></span> <span class='ocrx_word' id='word_1_81' title='bbox 1863 1011 1924 1063; x_wconf 92' lang='grc' dir='ltr'><em>τὸ</em></span> 
     </span>
    </p>

    <p class='ocr_par' dir='ltr' id='par_1_4' title="bbox 157 1094 1930 1437">
     <span class='ocr_line' id='line_1_11' title="bbox 157 1094 1924 1169; baseline 0.001 -20"><span class='ocrx_word' id='word_1_82' title='bbox 157 1117 200 1149; x_wconf 91' lang='lat'><em>10</em></span> <span class='ocrx_word' id='word_1_83' title='bbox 225 1097 286 1149; x_wconf 74' lang='grc' dir='ltr'><em>δὲ</em></span> <span class='ocrx_word' id='word_1_84' title='bbox 325 1094 450 1167; x_wconf 89' lang='grc' dir='ltr'><em>παρ’</em></span> <span class='ocrx_word' id='word_1_85' title='bbox 496 1098 653 1164; x_wconf 85' lang='grc' dir='ltr'><em>ὑμῶν</em></span> <span class='ocrx_word' id='word_1_86' title='bbox 693 1098 959 1165; x_wconf 78' lang='grc' dir='ltr'><strong><em>ἐσόμενον</em></strong></span> <span class='ocrx_word' id='word_1_87' title='bbox 998 1100 1195 1152; x_wconf 79' lang='grc' dir='ltr'><em>πειθώ.</em></span> <span class='ocrx_word' id='word_1_88' title='bbox 1262 1100 1344 1152; x_wconf 87' lang='grc'><em>18.</em></span> <span class='ocrx_word' id='word_1_89' title='bbox 1387 1098 1637 1169; x_wconf 79' lang='grc' dir='ltr'><em>διαφέρει</em></span> <span class='ocrx_word' id='word_1_90' title='bbox 1682 1095 1743 1151; x_wconf 76' lang='grc' dir='ltr'><em>δὲ</em></span> <span class='ocrx_word' id='word_1_91' title='bbox 1781 1100 1924 1152; x_wconf 79' lang='grc' dir='ltr'><em>πολὺ</em></span> 
     </span>
     <span class='ocr_line' id='line_1_12' title="bbox 222 1186 1923 1258; baseline 0.001 -20"><span class='ocrx_word' id='word_1_92' title='bbox 222 1186 522 1239; x_wconf 78' lang='grc' dir='ltr'><em>πεισθέντα</em></span> <span class='ocrx_word' id='word_1_93' title='bbox 569 1189 769 1240; x_wconf 81' lang='grc' dir='ltr'><em>δοῦναι</em></span> <span class='ocrx_word' id='word_1_94' title='bbox 815 1190 976 1258; x_wconf 80' lang='grc' dir='ltr'><em>χάριν</em></span> <span class='ocrx_word' id='word_1_95' title='bbox 1016 1188 1047 1257; x_wconf 77' lang='grc' dir='ltr'>ἢ</span> <span class='ocrx_word' id='word_1_96' title='bbox 1087 1190 1160 1257; x_wconf 80' lang='grc' dir='ltr'><em>μὴ</em></span> <span class='ocrx_word' id='word_1_97' title='bbox 1216 1190 1560 1257; x_wconf 81' lang='grc' dir='ltr'><em>βουλόμενον</em></span> <span class='ocrx_word' id='word_1_98' title='bbox 1607 1192 1923 1256; x_wconf 76' lang='grc' dir='ltr'><em>βιασθῆναι.</em></span> 
     </span>
     <span class='ocr_line' id='line_1_13' title="bbox 223 1274 1925 1348; baseline 0 -20"><span class='ocrx_word' id='word_1_99' title='bbox 223 1274 313 1328; x_wconf 84' lang='grc' dir='ltr'><em>καὶ</em></span> <span class='ocrx_word' id='word_1_100' title='bbox 352 1277 414 1329; x_wconf 90' lang='grc' dir='ltr'><em>τὸ</em></span> <span class='ocrx_word' id='word_1_101' title='bbox 455 1276 557 1345; x_wconf 90' lang='grc' dir='ltr'><em>μέν</em></span> <span class='ocrx_word' id='word_1_102' title='bbox 597 1276 711 1330; x_wconf 89' lang='grc' dir='ltr'><em>ἐστι</em></span> <span class='ocrx_word' id='word_1_103' title='bbox 751 1277 1090 1348; x_wconf 76' lang='grc' dir='ltr'><em>δημοκρατίᾳ</em></span> <span class='ocrx_word' id='word_1_104' title='bbox 1127 1276 1367 1347; x_wconf 85' lang='grc' dir='ltr'><em>πρέπον,</em></span> <span class='ocrx_word' id='word_1_105' title='bbox 1405 1278 1466 1330; x_wconf 89' lang='grc' dir='ltr'><em>τὸ</em></span> <span class='ocrx_word' id='word_1_106' title='bbox 1509 1277 1570 1329; x_wconf 78' lang='grc' dir='ltr'><em>δὲ</em></span> <span class='ocrx_word' id='word_1_107' title='bbox 1609 1277 1686 1339; x_wconf 87' lang='grc' dir='ltr'><em>εἰς</em></span> <span class='ocrx_word' id='word_1_108' title='bbox 1724 1276 1925 1344; x_wconf 89' lang='grc' dir='ltr'><em>τυράν-</em></span> 
     </span>
     <span class='ocr_line' id='line_1_14' title="bbox 222 1362 1930 1437; baseline 0 -20"><span class='ocrx_word' id='word_1_109' title='bbox 222 1385 357 1428; x_wconf 90' lang='grc' dir='ltr'><em>νους</em></span> <span class='ocrx_word' id='word_1_110' title='bbox 402 1362 629 1435; x_wconf 77' lang='grc' dir='ltr'><em>ἔρχεται.</em></span> <span class='ocrx_word' id='word_1_111' title='bbox 687 1363 820 1419; x_wconf 72' lang='grc' dir='ltr'><em>οὐδὲ</em></span> <span class='ocrx_word' id='word_1_112' title='bbox 875 1367 1006 1437; x_wconf 90' lang='grc' dir='ltr'><em>γάρ,</em></span> <span class='ocrx_word' id='word_1_113' title='bbox 1061 1367 1108 1419; x_wconf 88' lang='grc' dir='ltr'><em>εἰ</em></span> <span class='ocrx_word' id='word_1_114' title='bbox 1163 1375 1277 1419; x_wconf 85' lang='grc' dir='ltr'><em>τῶν</em></span> <span class='ocrx_word' id='word_1_115' title='bbox 1325 1375 1612 1435; x_wconf 76' lang='grc' dir='ltr'><em>συγγενῶν</em></span> <span class='ocrx_word' id='word_1_116' title='bbox 1657 1385 1809 1428; x_wconf 88' lang='grc' dir='ltr'><em>τινας</em></span> <span class='ocrx_word' id='word_1_117' title='bbox 1856 1371 1930 1437; x_wconf 79' lang='grc' dir='ltr'><em>τῷ</em></span> 
     </span>
    </p>

    <p class='ocr_par' dir='ltr' id='par_1_5' title="bbox 137 1452 1919 1526">
     <span class='ocr_line' id='line_1_15' title="bbox 137 1453 1919 1526; baseline 0.004 -27"><span class='ocrx_word' id='word_1_118' title='bbox 137 1457 252 1501; x_wconf 78' lang='lat' dir='ltr'><em>RIV</em></span> <span class='ocrx_word' id='word_1_119' title='bbox 269 1463 355 1503; x_wconf 83' lang='lat'><em>845</em></span> <span class='ocrx_word' id='word_1_120' title='bbox 402 1455 566 1524; x_wconf 81' lang='grc' dir='ltr'><em>πατρὶ</em></span> <span class='ocrx_word' id='word_1_121' title='bbox 602 1455 993 1525; x_wconf 88' lang='grc' dir='ltr'><em>προσέπεμπον</em></span> <span class='ocrx_word' id='word_1_122' title='bbox 1024 1455 1164 1526; x_wconf 79' lang='grc' dir='ltr'><em>ὑπὲρ</em></span> <span class='ocrx_word' id='word_1_123' title='bbox 1197 1456 1411 1508; x_wconf 83' lang='grc' dir='ltr'><em>τούτων</em></span> <span class='ocrx_word' id='word_1_124' title='bbox 1443 1453 1879 1523; x_wconf 78' lang='grc' dir='ltr'><em>διαλεξομένους,</em></span> <span class='ocrx_word' id='word_1_125' title='bbox 1915 1459 1919 1524; x_wconf 63' lang='grc' dir='ltr'>ᾖ</span> 
     </span>
    </p>

    <p class='ocr_par' dir='ltr' id='par_1_6' title="bbox 156 1541 1925 1970">
     <span class='ocr_line' id='line_1_16' title="bbox 156 1541 1923 1614; baseline 0 -19"><span class='ocrx_word' id='word_1_126' title='bbox 156 1563 197 1595; x_wconf 87' lang='lat'><em>15</em></span> <span class='ocrx_word' id='word_1_127' title='bbox 224 1542 433 1612; x_wconf 87' lang='grc' dir='ltr'><em>ἀνάγκη</em></span> <span class='ocrx_word' id='word_1_128' title='bbox 481 1542 628 1597; x_wconf 85' lang='grc' dir='ltr'><em>τοῦτ’</em></span> <span class='ocrx_word' id='word_1_129' title='bbox 677 1545 746 1597; x_wconf 74' lang='grc' dir='ltr'><em>ὀὲν</em></span> <span class='ocrx_word' id='word_1_130' title='bbox 793 1542 876 1613; x_wconf 78' lang='grc' dir='ltr'><em>ἦν.</em></span> <span class='ocrx_word' id='word_1_131' title='bbox 934 1545 1074 1598; x_wconf 80' lang='grc' dir='ltr'><em>ὅπου</em></span> <span class='ocrx_word' id='word_1_132' title='bbox 1130 1546 1234 1614; x_wconf 78' lang='grc' dir='ltr'><em>γὰρ</em></span> <span class='ocrx_word' id='word_1_133' title='bbox 1282 1541 1353 1613; x_wconf 72' lang='grc' dir='ltr'><em>ἦν</em></span> <span class='ocrx_word' id='word_1_134' title='bbox 1400 1545 1651 1607; x_wconf 75' lang='grc' dir='ltr'><em>ἅψασθαι</em></span> <span class='ocrx_word' id='word_1_135' title='bbox 1705 1543 1923 1612; x_wconf 84' lang='grc' dir='ltr'><em>γενείου</em></span> 
     </span>
     <span class='ocr_line' id='line_1_17' title="bbox 222 1627 1923 1703; baseline -0.001 -18"><span class='ocrx_word' id='word_1_136' title='bbox 222 1633 311 1686; x_wconf 80' lang='grc' dir='ltr'><em>καὶ</em></span> <span class='ocrx_word' id='word_1_137' title='bbox 343 1634 596 1701; x_wconf 87' lang='grc' dir='ltr'><em>γονάτων</em></span> <span class='ocrx_word' id='word_1_138' title='bbox 626 1632 718 1686; x_wconf 84' lang='grc' dir='ltr'><em>καὶ</em></span> <span class='ocrx_word' id='word_1_139' title='bbox 743 1635 1013 1703; x_wconf 80' lang='grc' dir='ltr'><em>ὃακρύσαι</em></span> <span class='ocrx_word' id='word_1_140' title='bbox 1039 1632 1129 1686; x_wconf 86' lang='grc' dir='ltr'><em>καὶ</em></span> <span class='ocrx_word' id='word_1_141' title='bbox 1162 1635 1358 1686; x_wconf 79' lang='grc' dir='ltr'><em>εἰπεῖν·</em></span> <span class='ocrx_word' id='word_1_142' title='bbox 1394 1627 1594 1700; x_wconf 81' lang='grc' dir='ltr'><em>εἶξον,</em></span> <span class='ocrx_word' id='word_1_143' title='bbox 1627 1630 1923 1700; x_wconf 81' lang='grc' dir='ltr'><em>ἐλέησον,</em></span> 
     </span>
     <span class='ocr_line' id='line_1_18' title="bbox 222 1720 1925 1792; baseline -0.001 -19"><span class='ocrx_word' id='word_1_144' title='bbox 222 1721 415 1784; x_wconf 85' lang='grc' dir='ltr'><em>αὐτὸς</em></span> <span class='ocrx_word' id='word_1_145' title='bbox 455 1722 873 1791; x_wconf 86' lang='grc' dir='ltr'><em>ἀπόκτεινον,</em></span> <span class='ocrx_word' id='word_1_146' title='bbox 913 1723 1072 1792; x_wconf 86' lang='grc' dir='ltr'><em>πρὸς</em></span> <span class='ocrx_word' id='word_1_147' title='bbox 1114 1728 1315 1791; x_wconf 81' lang='grc' dir='ltr'><em>θεῶν,</em></span> <span class='ocrx_word' id='word_1_148' title='bbox 1355 1723 1513 1792; x_wconf 82' lang='grc' dir='ltr'><em>πρὸς</em></span> <span class='ocrx_word' id='word_1_149' title='bbox 1561 1720 1803 1788; x_wconf 78' lang='grc' dir='ltr'><em>ἑστίας,</em></span> <span class='ocrx_word' id='word_1_150' title='bbox 1843 1721 1925 1782; x_wconf 88' lang='grc' dir='ltr'><em>τίς</em></span> 
     </span>
     <span class='ocr_line' id='line_1_19' title="bbox 222 1805 1922 1883; baseline -0.001 -20"><span class='ocrx_word' id='word_1_151' title='bbox 222 1810 467 1865; x_wconf 83' lang='grc' dir='ltr'><em>ἐνταῦθα</em></span> <span class='ocrx_word' id='word_1_152' title='bbox 498 1813 647 1882; x_wconf 86' lang='grc' dir='ltr'><em>χώρα</em></span> <span class='ocrx_word' id='word_1_153' title='bbox 678 1819 753 1883; x_wconf 74' lang='grc' dir='ltr'><em>τῷ</em></span> <span class='ocrx_word' id='word_1_154' title='bbox 785 1821 881 1881; x_wconf 79' lang='grc' dir='ltr'><em>τῆς</em></span> <span class='ocrx_word' id='word_1_155' title='bbox 913 1813 1155 1881; x_wconf 78' lang='grc' dir='ltr'><em>ἀνάγκης</em></span> <span class='ocrx_word' id='word_1_156' title='bbox 1194 1811 1445 1879; x_wconf 89' lang='grc' dir='ltr'><em>ὀνόματι;</em></span> <span class='ocrx_word' id='word_1_157' title='bbox 1490 1811 1572 1863; x_wconf 86' lang='grc'><em>19.</em></span> <span class='ocrx_word' id='word_1_158' title='bbox 1606 1811 1653 1863; x_wconf 82' lang='grc' dir='ltr'><em>εἰ</em></span> <span class='ocrx_word' id='word_1_159' title='bbox 1684 1806 1787 1878; x_wconf 72' lang='grc' dir='ltr'><em>μὲν</em></span> <span class='ocrx_word' id='word_1_160' title='bbox 1819 1805 1922 1862; x_wconf 82' lang='grc' dir='ltr'><em>οὖν</em></span> 
     </span>
     <span class='ocr_line' id='line_1_20' title="bbox 221 1898 1923 1970; baseline -0.002 -19"><span class='ocrx_word' id='word_1_161' title='bbox 221 1898 468 1962; x_wconf 78' lang='grc' dir='ltr'><em>ἐκείνους</em></span> <span class='ocrx_word' id='word_1_162' title='bbox 507 1900 844 1970; x_wconf 77' lang='grc' dir='ltr'><em>ἀποχρήσειν</em></span> <span class='ocrx_word' id='word_1_163' title='bbox 882 1902 1160 1970; x_wconf 78' lang='grc' dir='ltr'><em>ἡγούμην,</em></span> <span class='ocrx_word' id='word_1_164' title='bbox 1214 1902 1315 1954; x_wconf 82' lang='grc' dir='ltr'><em>οὐκ</em></span> <span class='ocrx_word' id='word_1_165' title='bbox 1355 1899 1424 1952; x_wconf 79' lang='grc' dir='ltr'><em>ἂν</em></span> <span class='ocrx_word' id='word_1_166' title='bbox 1463 1900 1597 1968; x_wconf 88' lang='grc' dir='ltr'><em>ὑμῖν</em></span> <span class='ocrx_word' id='word_1_167' title='bbox 1634 1899 1923 1967; x_wconf 84' lang='grc' dir='ltr'><em>ἠνώχλουν</em></span> 
     </span>
    </p>

    <p class='ocr_par' dir='ltr' id='par_1_7' title="bbox 155 1986 1922 2324">
     <span class='ocr_line' id='line_1_21' title="bbox 155 1986 1922 2059; baseline -0.001 -19"><span class='ocrx_word' id='word_1_168' title='bbox 155 2008 197 2042; x_wconf 83' lang='lat'><em>20</em></span> <span class='ocrx_word' id='word_1_169' title='bbox 223 1986 341 2040; x_wconf 82' lang='grc' dir='ltr'><em>οὐδ’</em></span> <span class='ocrx_word' id='word_1_170' title='bbox 398 1989 468 2041; x_wconf 75' lang='grc' dir='ltr'><em>ἂν</em></span> <span class='ocrx_word' id='word_1_171' title='bbox 525 1993 762 2059; x_wconf 85' lang='grc' dir='ltr'><em>φορτίον</em></span> <span class='ocrx_word' id='word_1_172' title='bbox 815 1993 1001 2056; x_wconf 81' lang='grc' dir='ltr'><em>μεῖζον</em></span> <span class='ocrx_word' id='word_1_173' title='bbox 1047 1989 1079 2058; x_wconf 77' lang='grc' dir='ltr'>ἢ</span> <span class='ocrx_word' id='word_1_174' title='bbox 1136 1987 1251 2042; x_wconf 82' lang='grc' dir='ltr'><em>κατ’</em></span> <span class='ocrx_word' id='word_1_175' title='bbox 1308 1988 1547 2055; x_wconf 87' lang='grc' dir='ltr'><em>ἐμαυτὸν</em></span> <span class='ocrx_word' id='word_1_176' title='bbox 1600 1987 1922 2057; x_wconf 85' lang='grc' dir='ltr'><em>ἀνῃρούμην</em></span> 
     </span>
     <span class='ocr_line' id='line_1_22' title="bbox 223 2075 1922 2149; baseline -0.001 -21"><span class='ocrx_word' id='word_1_177' title='bbox 223 2079 375 2149; x_wconf 75' lang='grc' dir='ltr'><em>δήμῳ</em></span> <span class='ocrx_word' id='word_1_178' title='bbox 415 2079 823 2146; x_wconf 82' lang='grc' dir='ltr'><em>διαλεγόμενος·</em></span> <span class='ocrx_word' id='word_1_179' title='bbox 875 2077 990 2131; x_wconf 84' lang='grc' dir='ltr'><em>ἐπεὶ</em></span> <span class='ocrx_word' id='word_1_180' title='bbox 1039 2076 1099 2131; x_wconf 78' lang='grc' dir='ltr'><em>δὲ</em></span> <span class='ocrx_word' id='word_1_181' title='bbox 1149 2077 1407 2140; x_wconf 81' lang='grc' dir='ltr'><em>ἐλάττους</em></span> <span class='ocrx_word' id='word_1_182' title='bbox 1456 2075 1562 2130; x_wconf 84' lang='grc' dir='ltr'><em>εἰσὶ</em></span> <span class='ocrx_word' id='word_1_183' title='bbox 1611 2084 1711 2129; x_wconf 86' lang='grc' dir='ltr'><em>τοῦ</em></span> <span class='ocrx_word' id='word_1_184' title='bbox 1749 2075 1922 2145; x_wconf 88' lang='grc' dir='ltr'><em>πράγ-</em></span> 
     </span>
     <span class='ocr_line' id='line_1_23' title="bbox 221 2165 1920 2236; baseline -0.002 -18"><span class='ocrx_word' id='word_1_185' title='bbox 221 2185 414 2234; x_wconf 89' lang='grc' dir='ltr'><em>ματος,</em></span> <span class='ocrx_word' id='word_1_186' title='bbox 461 2166 604 2233; x_wconf 79' lang='grc' dir='ltr'><em>ὑμᾶς</em></span> <span class='ocrx_word' id='word_1_187' title='bbox 645 2166 673 2219; x_wconf 87' lang='grc' dir='ltr'>ὁ</span> <span class='ocrx_word' id='word_1_188' title='bbox 714 2169 905 2236; x_wconf 87' lang='grc' dir='ltr'><em>καιρὸς</em></span> <span class='ocrx_word' id='word_1_189' title='bbox 955 2170 1099 2235; x_wconf 81' lang='grc' dir='ltr'><em>ζητεῖ</em></span> <span class='ocrx_word' id='word_1_190' title='bbox 1148 2169 1278 2229; x_wconf 87' lang='grc' dir='ltr'><em>τοὺς</em></span> <span class='ocrx_word' id='word_1_191' title='bbox 1325 2175 1434 2218; x_wconf 85' lang='grc' dir='ltr'><em>τῶν</em></span> <span class='ocrx_word' id='word_1_192' title='bbox 1482 2165 1628 2218; x_wconf 81' lang='grc' dir='ltr'><em>ὅλων</em></span> <span class='ocrx_word' id='word_1_193' title='bbox 1673 2167 1920 2233; x_wconf 90' lang='grc' dir='ltr'><em>κυρίους,</em></span> 
     </span>
     <span class='ocr_line' id='line_1_24' title="bbox 220 2246 1490 2324; baseline -0.001 -17"><span class='ocrx_word' id='word_1_194' title='bbox 220 2252 323 2323; x_wconf 80' lang='grc' dir='ltr'><em>ὑφ’</em></span> <span class='ocrx_word' id='word_1_195' title='bbox 369 2250 448 2307; x_wconf 81' lang='grc' dir='ltr'><em>ὧν</em></span> <span class='ocrx_word' id='word_1_196' title='bbox 489 2254 701 2317; x_wconf 78' lang='grc' dir='ltr'><em>εὔξαιτο</em></span> <span class='ocrx_word' id='word_1_197' title='bbox 743 2256 813 2308; x_wconf 80' lang='grc' dir='ltr'><em>ἄν</em></span> <span class='ocrx_word' id='word_1_198' title='bbox 851 2275 933 2319; x_wconf 89' lang='grc' dir='ltr'><em>τις</em></span> <span class='ocrx_word' id='word_1_199' title='bbox 974 2257 1276 2324; x_wconf 79' lang='grc' dir='ltr'><em>αἰτηθῆναι</em></span> <span class='ocrx_word' id='word_1_200' title='bbox 1315 2246 1490 2323; x_wconf 88' lang='grc' dir='ltr'><em>χάριν.</em></span> 
     </span>
    </p>

    <p class='ocr_par' dir='ltr' id='par_1_8' title="bbox 333 2341 1919 2413">
     <span class='ocr_line' id='line_1_25' title="bbox 333 2341 1919 2413; baseline -0.001 -18"><span class='ocrx_word' id='word_1_201' title='bbox 333 2343 419 2396; x_wconf 77' lang='grc'><em>20.</em></span> <span class='ocrx_word' id='word_1_202' title='bbox 461 2345 733 2413; x_wconf 84' lang='grc' dir='ltr'><em>Γραφὴν</em></span> <span class='ocrx_word' id='word_1_203' title='bbox 789 2341 932 2413; x_wconf 83' lang='grc' dir='ltr'><em>οὖν,</em></span> <span class='ocrx_word' id='word_1_204' title='bbox 989 2346 1185 2413; x_wconf 85' lang='grc' dir='ltr'><em>φησίν,</em></span> <span class='ocrx_word' id='word_1_205' title='bbox 1242 2343 1726 2413; x_wconf 28' lang='grc' dir='ltr'><em>ἀπενεχθεῑὶσαν</em></span> <span class='ocrx_word' id='word_1_206' title='bbox 1780 2342 1919 2394; x_wconf 81' lang='grc' dir='ltr'><em>δια-</em></span> 
     </span>
    </p>

    <p class='ocr_par' dir='ltr' id='par_1_9' title="bbox 154 2427 1920 2502">
     <span class='ocr_line' id='line_1_26' title="bbox 154 2427 1920 2502; baseline -0.001 -18"><span class='ocrx_word' id='word_1_207' title='bbox 154 2452 197 2485; x_wconf 83' lang='lat'><em>25</em></span> <span class='ocrx_word' id='word_1_208' title='bbox 223 2432 520 2502; x_wconf 74' lang='grc' dir='ltr'><em>γράψειςς</em></span> <span class='ocrx_word' id='word_1_209' title='bbox 577 2434 677 2485; x_wconf 87' lang='grc' dir='ltr'><em>οὐκ</em></span> <span class='ocrx_word' id='word_1_210' title='bbox 733 2431 852 2500; x_wconf 83' lang='grc' dir='ltr'><em>ἐγώ.</em></span> <span class='ocrx_word' id='word_1_211' title='bbox 908 2436 1113 2497; x_wconf 84' lang='grc' dir='ltr'><em>πόθεν;</em></span> <span class='ocrx_word' id='word_1_212' title='bbox 1170 2431 1291 2486; x_wconf 78' lang='grc' dir='ltr'><em>οὐδ’</em></span> <span class='ocrx_word' id='word_1_213' title='bbox 1352 2428 1422 2485; x_wconf 84' lang='grc' dir='ltr'><em>αὖ</em></span> <span class='ocrx_word' id='word_1_214' title='bbox 1477 2431 1505 2484; x_wconf 88' lang='grc' dir='ltr'>ὁ</span> <span class='ocrx_word' id='word_1_215' title='bbox 1553 2432 1737 2499; x_wconf 78' lang='grc' dir='ltr'><em>δῆμος.</em></span> <span class='ocrx_word' id='word_1_216' title='bbox 1793 2427 1920 2482; x_wconf 80' lang='grc' dir='ltr'><em>ἀλλ’</em></span> 
     </span>
    </p>
   </div>
   <div class='ocr_carea' id='block_1_3' title="bbox 226 2553 487 2556">
    <p class='ocr_par' dir='ltr' id='par_1_10' title="bbox 226 2553 487 2556">
     <span class='ocr_line' id='line_1_27' title="bbox 226 2553 487 2556; baseline 0 0"><span class='ocrx_word' id='word_1_217' title='bbox 226 2553 487 2556; x_wconf 95' lang='lat' dir='ltr'><em> </em></span> 
     </span>
    </p>
   </div>
   <div class='ocr_carea' id='block_1_4' title="bbox 341 2622 1366 2687">
    <p class='ocr_par' dir='ltr' id='par_1_11' title="bbox 341 2622 1366 2687">
     <span class='ocr_line' id='line_1_28' title="bbox 341 2622 1366 2687; baseline -0.002 -22"><span class='ocrx_word' id='word_1_218' title='bbox 341 2627 397 2666; x_wconf 82' lang='lat'><em>22</em></span> <span class='ocrx_word' id='word_1_219' title='bbox 430 2622 487 2666; x_wconf 84' lang='lat' dir='ltr'><em>cf.</em></span> <span class='ocrx_word' id='word_1_220' title='bbox 520 2625 552 2667; x_wconf 71' lang='lat' dir='ltr'><em>t.</em></span> <span class='ocrx_word' id='word_1_221' title='bbox 579 2622 643 2666; x_wconf 86' lang='lat' dir='ltr'><em>III</em></span> <span class='ocrx_word' id='word_1_222' title='bbox 674 2627 772 2677; x_wconf 83' lang='lat'>161,</span> <span class='ocrx_word' id='word_1_223' title='bbox 793 2627 845 2665; x_wconf 84' lang='lat'><em>21</em></span> <span class='ocrx_word' id='word_1_224' title='bbox 972 2627 1026 2665; x_wconf 83' lang='lat'><em>23</em></span> <span class='ocrx_word' id='word_1_225' title='bbox 1060 2623 1115 2667; x_wconf 87' lang='lat' dir='ltr'><em>cf.</em></span> <span class='ocrx_word' id='word_1_226' title='bbox 1149 2638 1195 2687; x_wconf 78' lang='lat' dir='ltr'><em>p.</em></span> <span class='ocrx_word' id='word_1_227' title='bbox 1225 2626 1366 2675; x_wconf 80' lang='lat'>724‚9</span> 
     </span>
    </p>
   </div>
   <div class='ocr_carea' id='block_1_5' title="bbox 220 2796 1917 3031">
    <p class='ocr_par' dir='ltr' id='par_1_12' title="bbox 220 2796 1917 3031">
     <span class='ocr_line' id='line_1_29' title="bbox 341 2796 1917 2858; baseline -0.003 -16"><span class='ocrx_word' id='word_1_228' title='bbox 341 2804 366 2842; x_wconf 82' lang='lat'>6</span> <span class='ocrx_word' id='word_1_229' title='bbox 400 2800 500 2858; x_wconf 79' lang='grc' dir='ltr'><em>μὲν]</em></span> <span class='ocrx_word' id='word_1_230' title='bbox 536 2816 589 2855; x_wconf 89' lang='grc' dir='ltr'><em>με</em></span> <span class='ocrx_word' id='word_1_231' title='bbox 624 2801 692 2844; x_wconf 86' lang='lat' dir='ltr'><em>Va</em></span> <span class='ocrx_word' id='word_1_232' title='bbox 815 2806 839 2842; x_wconf 83' lang='lat'>9</span> <span class='ocrx_word' id='word_1_233' title='bbox 875 2799 1060 2844; x_wconf 78' lang='grc' dir='ltr'><em>ἱκετεύω</em></span> <span class='ocrx_word' id='word_1_234' title='bbox 1097 2800 1166 2843; x_wconf 83' lang='lat' dir='ltr'><em>Va</em></span> <span class='ocrx_word' id='word_1_235' title='bbox 1290 2803 1343 2841; x_wconf 91' lang='lat'><em>10</em></span> <span class='ocrx_word' id='word_1_236' title='bbox 1375 2796 1528 2842; x_wconf 80' lang='grc' dir='ltr'><em>πείθω</em></span> <span class='ocrx_word' id='word_1_237' title='bbox 1565 2797 1722 2842; x_wconf 85' lang='lat' dir='ltr'><strong><em>VaMa</em></strong></span> <span class='ocrx_word' id='word_1_238' title='bbox 1754 2796 1835 2840; x_wconf 82' lang='lat' dir='ltr'><em>sed</em></span> <span class='ocrx_word' id='word_1_239' title='bbox 1867 2796 1917 2838; x_wconf 83' lang='lat' dir='ltr'><em>in</em></span> 
     </span>
     <span class='ocr_line' id='line_1_30' title="bbox 220 2855 1797 2915; baseline -0.001 -15"><span class='ocrx_word' id='word_1_240' title='bbox 220 2857 310 2901; x_wconf 80' lang='lat' dir='ltr'><em>hoo</em></span> <span class='ocrx_word' id='word_1_241' title='bbox 341 2857 390 2901; x_wconf 90' lang='lat' dir='ltr'><em>in</em></span> <span class='ocrx_word' id='word_1_242' title='bbox 415 2860 565 2902; x_wconf 80' lang='grc' dir='ltr'><em>πειθώ</em></span> <span class='ocrx_word' id='word_1_243' title='bbox 600 2873 701 2902; x_wconf 86' lang='lat' dir='ltr'><strong>corr</strong></span> <span class='ocrx_word' id='word_1_244' title='bbox 725 2859 807 2914; x_wconf 77' lang='lat' dir='ltr'><em>m²‚</em></span> <span class='ocrx_word' id='word_1_245' title='bbox 835 2859 934 2904; x_wconf 83' lang='lat' dir='ltr'><em>GlB</em></span> <span class='ocrx_word' id='word_1_246' title='bbox 962 2860 968 2915; x_wconf 88' lang='grc' dir='ltr'>Ι</span> <span class='ocrx_word' id='word_1_247' title='bbox 996 2858 1113 2902; x_wconf 80' lang='grc' dir='ltr'><em>πολὺ</em></span> <span class='ocrx_word' id='word_1_248' title='bbox 1140 2872 1215 2901; x_wconf 90' lang='lat' dir='ltr'><em>om</em></span> <span class='ocrx_word' id='word_1_249' title='bbox 1242 2859 1287 2901; x_wconf 86' lang='grc' dir='ltr'><strong><em>Α</em></strong></span> <span class='ocrx_word' id='word_1_250' title='bbox 1409 2862 1461 2899; x_wconf 91' lang='grc'><em>11</em></span> <span class='ocrx_word' id='word_1_251' title='bbox 1496 2855 1727 2912; x_wconf 77' lang='grc' dir='ltr'><em>δεηθέντα</em></span> <span class='ocrx_word' id='word_1_252' title='bbox 1752 2856 1797 2899; x_wconf 86' lang='grc' dir='ltr'><strong><em>Α</em></strong></span> 
     </span>
     <span class='ocr_line' id='line_1_31' title="bbox 227 2915 1916 2971; baseline -0.001 -13"><span class='ocrx_word' id='word_1_253' title='bbox 227 2922 278 2959; x_wconf 89' lang='lat'><em>15</em></span> <span class='ocrx_word' id='word_1_254' title='bbox 310 2924 446 2961; x_wconf 85' lang='grc' dir='ltr'><em>τοῦτο</em></span> <span class='ocrx_word' id='word_1_255' title='bbox 474 2920 592 2962; x_wconf 73' lang='lat' dir='ltr'><em>Mon</em></span> <span class='ocrx_word' id='word_1_256' title='bbox 605 2919 719 2962; x_wconf 85' lang='lat' dir='ltr'><em>VaA</em></span> <span class='ocrx_word' id='word_1_257' title='bbox 750 2918 818 2961; x_wconf 82' lang='lat' dir='ltr'><em>Re</em></span> <span class='ocrx_word' id='word_1_258' title='bbox 943 2922 996 2960; x_wconf 89' lang='grc'><em>16</em></span> <span class='ocrx_word' id='word_1_259' title='bbox 1030 2918 1262 2971; x_wconf 79' lang='grc' dir='ltr'><em>δακρῦσαι</em></span> <span class='ocrx_word' id='word_1_260' title='bbox 1290 2916 1454 2960; x_wconf 78' lang='grc' dir='ltr'><em>ΜοηΑ</em></span> <span class='ocrx_word' id='word_1_261' title='bbox 1482 2915 1677 2959; x_wconf 78' lang='lat' dir='ltr'>fortasse</span> <span class='ocrx_word' id='word_1_262' title='bbox 1707 2915 1833 2957; x_wconf 71' lang='lat' dir='ltr'>recte</span> <span class='ocrx_word' id='word_1_263' title='bbox 1867 2915 1916 2957; x_wconf 74' lang='lat' dir='ltr'><em>at</em></span> 
     </span>
     <span class='ocr_line' id='line_1_32' title="bbox 221 2975 1231 3031; baseline 0.002 -14"><span class='ocrx_word' id='word_1_264' title='bbox 221 2975 278 3018; x_wconf 79' lang='lat' dir='ltr'><em>ef.</em></span> <span class='ocrx_word' id='word_1_265' title='bbox 314 2976 374 3018; x_wconf 86' lang='lat' dir='ltr'><em>ad</em></span> <span class='ocrx_word' id='word_1_266' title='bbox 406 2982 438 3019; x_wconf 76' lang='lat' dir='ltr'><em>t.</em></span> <span class='ocrx_word' id='word_1_267' title='bbox 465 2976 507 3019; x_wconf 95' lang='lat' dir='ltr'><em>II</em></span> <span class='ocrx_word' id='word_1_268' title='bbox 532 2981 630 3031; x_wconf 83' lang='lat'>355,</span> <span class='ocrx_word' id='word_1_269' title='bbox 653 2981 703 3019; x_wconf 85' lang='lat'><em>17</em></span> <span class='ocrx_word' id='word_1_270' title='bbox 853 2981 905 3019; x_wconf 86' lang='lat'><em>17</em></span> <span class='ocrx_word' id='word_1_271' title='bbox 944 2976 1087 3019; x_wconf 83' lang='grc' dir='ltr'><em>αὐτὸν</em></span> <span class='ocrx_word' id='word_1_272' title='bbox 1116 2977 1231 3019; x_wconf 76' lang='lat' dir='ltr'><em>Mon</em></span> 
     </span>
    </p>
   </div>
  </div>
 </body>
</html>
