2044 3168
64 106 362 153 PAUPERIS
393 106 512 153 PRO
546 107 770 152 PATRIA
800 107 956 153 MORI
987 107 1302 153 GUPIENTIS
1336 107 1560 153 ORATIO
1659 107 1758 160 187

63 243 274 315 θατέρᾳ
329 245 400 313 μὴ
447 242 667 307 πάντως
715 252 1057 313 περιπεσεῖν,
1112 244 1407 313 αἱρήσομαι
1462 245 1763 298 τοῦλαττον

63 336 249 387 κακόν.
298 335 414 387 ἔστι
454 334 556 401 γὰρ
600 332 719 403 ἐμοὶ
758 334 1068 404 βαρύτερον
1106 339 1205 386 τοῦ
1245 331 1441 402 μηκέθ’
1489 333 1761 387 ἅπτεσθαι

62 431 174 477 τῶν
212 430 421 476 κοινῶν
458 423 519 476 τὸ
560 423 737 485 οὕτως
777 422 1019 491 ἐχόντων
1058 422 1132 484 ὡς
1171 424 1279 490 ἔχει
1318 422 1665 491 προεστάναι.

173 525 222 580 5.
267 527 599 595 Θαυμαστὸν
646 523 750 596 μὲν
795 522 901 580 οὖν
948 524 1140 594 οὐδέν,
1183 523 1224 579 ὦ
1265 528 1466 595 βουλή,
1513 527 1575 579 τὸ
1620 524 1754 595 μήθ’

62 616 203 684 ὑμᾶς
257 614 525 685 ἀδακρυτὶ
579 616 848 669 τοιούτων
903 615 1130 668 ἀκούειν
1191 615 1373 683 λόγων
1435 616 1568 684 μήτε
1629 617 1761 678 τοὺς
1809 635 1827 668 5

63 707 304 768 πολλοὺς
357 705 618 759 τουτουσὶ
676 703 913 773 πένητας
961 706 1016 757 οἳ
1069 700 1219 774 δεῦρ’
1279 704 1514 773 ἥκουσιν
1573 701 1764 773 ἑτέραν

63 795 165 863 μὲν
198 794 539 848 ἀκούσεσθαι
569 794 989 864 προσδοκῶντες
1022 794 1266 862 γνώμην,
1307 793 1437 856 ἴσως
1476 793 1602 846 τινὰ
1638 792 1763 864 περὶ

63 893 175 937 τῶν
212 886 506 954 παρόντων
539 884 843 953 δυσχερῶν,
885 881 1077 952 ἑτέραν
1109 879 1169 935 δὲ
1202 882 1517 950 ἀκούοντες,
1552 883 1763 951 δεήσεις

63 971 190 1043 περὶ
236 973 488 1026 θανάτου
537 971 628 1026 καὶ
679 979 779 1025 τοῦ
831 973 951 1025 δεῖν
998 972 1205 1041 ταύτην
1258 991 1352 1040 μοι
1406 972 1508 1040 τὴν
1553 970 1764 1040 ἡμέραν

62 1061 230 1130 πέρας
284 1060 548 1130 γενέσθαι
601 1069 699 1115 τοῦ
748 1062 892 1131 βίου.
954 1062 1014 1114 τὸ
1071 1061 1173 1130 γὰρ
1223 1062 1466 1123 πολλοὺς
1519 1059 1622 1130 μέν
1667 1080 1761 1128 μοι
1787 1083 1830 1114 ιο

64 1149 379 1204 συνειδέναι
416 1153 643 1220 πόνους,
694 1151 899 1214 πολλὰς
939 1148 999 1203 δὲ
1040 1151 1371 1222 φροντίδας,
1419 1151 1663 1214 πολλοὺς
1702 1146 1763 1203 δὲ

64 1239 280 1309 ἀγῶνας
317 1236 455 1308 ὑπὲρ
497 1242 768 1310 σωτηρίας
807 1249 919 1294 τῶν
958 1241 1132 1308 ὅλων,
1179 1238 1354 1309 τοῦτ’,
1395 1236 1570 1307 οἶμαι,
1615 1244 1766 1292 ποιεῖ

63 1330 135 1399 μὴ
175 1332 408 1398 μετρίως
447 1328 657 1398 φέρειν,
698 1331 749 1382 εἰ
786 1330 1009 1399 γνώμης
1050 1329 1116 1382 οὐ
1158 1330 1374 1398 φαύλης
1413 1330 1763 1398 στερήσεσθε.

64 1419 113 1471 6.
153 1417 245 1485 ἐμὲ
285 1418 346 1472 δὲ
383 1418 473 1471 καὶ
514 1416 589 1472 δι’
636 1417 769 1472 αὐτὸ
808 1426 973 1472 τοῦτο
1014 1420 1099 1472 δεῖ
1141 1423 1417 1487 τελευτᾶν,
1453 1415 1459 1490 Ι
1495 1418 1580 1472 ὅτι
1625 1423 1748 1467 RIV
1765 1428 1850 1468 229

63 1504 200 1576 μηδὲ
247 1517 358 1561 τῶν
406 1509 589 1576 λόγων
635 1515 732 1577 τῆς
779 1506 910 1578 ἐμῆς
964 1508 1120 1577 ὑμεῖς
1174 1507 1440 1577 ἀνέχεσθε
1491 1511 1760 1576 τελευτῆς.
1786 1529 1828 1563 15

63 1605 178 1659 πῶς
216 1597 320 1667 γὰρ
361 1596 432 1649 ἂν
470 1598 572 1666 τὴν
611 1597 838 1650 εὔνοιαν
877 1596 1035 1664 ὑμῶν
1074 1596 1411 1666 ἀμειψαίμην
1457 1597 1674 1664 ἱκανῶς,
1714 1599 1762 1650 εἰ

62 1685 135 1753 μὴ
181 1687 454 1754 θνήσκειν
502 1684 840 1755 ἐπιθυμοίην
885 1694 997 1738 τῶν
1044 1683 1170 1755 περὶ
1217 1686 1318 1740 τὸν
1364 1694 1521 1739 σῖτον
1574 1695 1762 1755 χεῖρον

63 1771 303 1843 ἐχόντων
330 1773 488 1842 ὑμῖν;
512 1775 605 1828 ἵνα
638 1772 699 1828 δὲ
723 1774 914 1844 μηδεὶς
946 1773 1079 1844 ἐμοῦ
1111 1776 1558 1844 τετελευτηκότος
1588 1768 1763 1846 τολμᾷ

65 1861 246 1931 λέγειν
294 1863 366 1926 ὡς
413 1859 491 1930 ἦν
537 1860 654 1932 μὲν
701 1864 937 1927 εὔνους
985 1872 1122 1926 τοῖς
1167 1864 1546 1934 πράγμασιν
1599 1862 1760 1933 ἀνὴρ

66 1951 342 2021 ἐκεῖνος,
396 1950 523 2023 περὶ
580 1952 712 2020 ἐμοῦ
769 1953 836 2021 δὴ
885 1951 1086 2022 λέγων,
1142 1952 1375 2023 πικρὸς
1428 1952 1498 2005 δὲ
1553 1954 1829 2015 ἅλλωςεο

63 2039 167 2094 καὶ
206 2044 730 2112 φιλαπεχθήμων
767 2040 872 2095 καὶ
912 2051 1051 2105 τοῖς
1088 2045 1455 2096 πλουτοῦσι
1488 2046 1761 2112 φθονῶν

63 2128 166 2183 καὶ
214 2131 288 2184 τὰ
337 2131 454 2185 οὐκ
500 2133 657 2185 ὄντα
703 2132 1106 2201 διαβάλλων,
1147 2131 1411 2185 ἐντεῦθεν
1450 2129 1606 2195 ἄξιον
1644 2149 1760 2184 ποι-

63 2221 307 2288 ήσασθαι
346 2221 448 2289 τὴν
488 2219 676 2290 ἀρχήν.

179 2322 227 2375 7.
268 2319 421 2391 Ἐμοὶ
469 2324 573 2394 γὰρ
622 2319 717 2392 ἦν,
765 2317 807 2376 ὦ
847 2326 1049 2394 βουλή,
1095 2325 1272 2394 πατὴρ
1320 2324 1410 2377 καὶ
1457 2323 1625 2393 πένης
1670 2321 1760 2376 καὶ

183 2518 206 2557 1
239 2512 426 2569 θατέρω
459 2511 637 2566 παντὸς
667 2513 727 2571 μὴ
754 2515 800 2558 Β
943 2519 969 2558 2
1013 2514 1073 2571 μὴ
1106 2514 1443 2559 καθάπτεσθαι
1477 2515 1560 2558 VB
1573 2514 1642 2559 Va

65 2576 91 2615 4
124 2572 206 2629 μὲν
239 2587 314 2617 om
337 2574 383 2617 B
507 2579 532 2618 6
564 2587 676 2618 voce
706 2574 922 2618 τουτουσὶ
954 2573 1031 2618 inc
1058 2574 1178 2619 GrH
1231 2573 1425 2626 τούτους
1458 2574 1501 2618 V
1533 2577 1539 2631 Ι
1566 2571 1760 2630 ἥκουσιν

64 2631 230 2688 scripsi
270 2645 294 2675 e
327 2633 370 2675 B
409 2634 463 2676 ut
502 2633 606 2677 coni
647 2633 712 2676 Re
789 2631 958 2690 ἥκασιν
992 2633 1109 2678 GrH
1115 2633 1214 2676 VM
1223 2634 1291 2677 Va
1332 2633 1424 2676 edd
1568 2636 1592 2675 7
1636 2638 1762 2689 „post

64 2691 249 2748 γνώμην
292 2692 471 2736 videtwr
512 2692 786 2737 adiectivwm
827 2693 1017 2749 aliquod
1060 2693 1226 2746 deesse,
1269 2706 1304 2737 e.
1338 2707 1374 2738 e.
1421 2692 1617 2736 εὔελπιν.
1665 2692 1761 2736 πίει·

60 2754 250 2807 utroque
283 2752 376 2794 loco
404 2764 490 2806 pro
523 2749 683 2806 ἑτέραν
716 2752 918 2809 leyamus
956 2749 1089 2805 ἔτερα
1121 2754 1173 2796 in
1204 2756 1364 2796 neutro
1403 2753 1525 2808 plur.
1557 2751 1609 2794 id
1639 2751 1760 2806 quod

64 2811 201 2853 etiam
232 2810 413 2854 malim“
449 2809 515 2853 Re
661 2815 713 2854 11
748 2808 942 2866 μυρίους
966 2810 1086 2855 GrH
1090 2812 1134 2855 V
1269 2815 1324 2854 13
1357 2810 1416 2866 μὴ
1451 2824 1524 2854 om
1552 2809 1759 2855 OrHVB

74 2868 143 2911 Va
289 2874 340 2912 15
373 2867 434 2924 μὴ
467 2865 518 2914 δὲ
547 2869 848 2915 OrHBMVa
991 2874 1045 2914 16
1079 2870 1207 2926 ὑμῶν
1239 2868 1324 2926 τὴν
1357 2869 1549 2914 εὔνοιαν
1574 2869 1758 2914 BMVa

64 2925 132 2971 Re
159 2929 166 2984 l
194 2930 342 2978 καλῶς
365 2928 476 2972 ΒΜ
484 2929 551 2973 Va
582 2927 685 2973 Mor
1690 2964 1693 2967 Α
