2044 3168
222 141 435 186 PATRIS
467 141 678 187 CAEDIS
711 141 908 186 FILIAE
941 141 1291 195 GENERIQUE
1324 141 1621 186 DEFENSIO
1684 142 1792 196 353

106 279 425 347 τλιώτερον;
461 281 518 332 τί
550 276 611 332 δὲ
642 279 864 349 γυναικὶ
896 279 1265 349 σωφρονούσῃ
1297 287 1396 332 τοῦ
1428 280 1529 348 τὴν
1559 278 1796 350 τάνδρὸς

105 369 493 438 καταισχύνειν
538 369 707 437 εὐνὴν
758 368 824 422 οὐ
871 370 1239 437 κουφότερον;
1310 367 1394 421 55.
1434 365 1572 438 ὑπὲρ
1626 370 1796 423 τίνων

107 455 197 510 καὶ
236 456 463 525 πατέρες
500 459 788 527 μαχόμεθα
833 455 924 510 καὶ
970 457 1168 526 ἄνδρες
1209 455 1444 527 φέρουσι
1482 459 1795 522 πίπτοντες;

107 546 191 600 ὅτι
236 546 429 610 παῖδές
475 567 583 600 που
629 547 844 610 πάντως
889 547 985 621 καὶ.
1027 555 1284 614 γυναῖκες
1329 546 1461 615 ἡμῖν
1507 548 1572 600 τὰ
1611 547 1796 615 τιμιώ-

106 656 252 689 τατα.
292 638 396 689 κᾶν
434 656 517 699 τις
558 638 633 698 εἰς
673 637 738 689 τὰ
771 639 1006 706 φίλτατα
1038 634 1315 705 ἑξυβρίσῃ,
1354 636 1419 688 τὰ
1451 636 1592 689 ὅπλα
1625 637 1798 700 εὐθὺς
1844 659 1863 692 5

108 726 429 796 ἀρπάζομεν.
468 723 606 794 ὑπὲρ
647 729 816 779 τίνων
855 723 945 778 καὶ
984 728 1169 788 πόλεις
1217 722 1411 794 ἔχομεν
1457 724 1546 779 καὶ
1594 728 1799 796 νόμους

107 817 417 884 ταττόμεθα
462 813 552 867 καὶ
602 814 742 867 ὅπλα
789 813 1031 884 φέρομεν
1077 813 1165 867 καὶ
1215 816 1419 882 βουλὰς
1469 815 1798 884 ἀθροίζομεν

107 905 198 957 καὶ
242 906 380 971 πρὸς
425 906 573 972 βῆμα
613 905 1005 972 φθεγγόμεθα,
1053 906 1182 966 τοὺς
1226 901 1286 956 δὲ
1333 913 1631 974 τυραννεῖν
1684 904 1799 958 ἑλο-

108 992 310 1062 μένους
347 991 437 1045 καὶ
478 994 572 1055 τὰς
612 993 935 1063 ἀκροπόλεις
973 1000 1446 1062 περισκοποῦντας
1492 994 1558 1046 οὐ
1598 995 1799 1047 τούτου

108 1102 171 1150 γε
219 1082 380 1135 ἕνεκα
432 1081 522 1135 καὶ
573 1090 844 1152 μισοῦμεν
898 1080 988 1135 καὶ
1042 1083 1341 1152 κολάζομεν
1386 1081 1476 1135 καὶ
1522 1090 1633 1135 πᾶν
1680 1083 1708 1136 ὅ
1748 1103 1801 1136 τι
1826 1105 1868 1137 ιο

106 1170 197 1224 καὶ
238 1172 425 1224 δεινὸν
463 1172 662 1241 μικρὸν
700 1169 791 1224 καὶ
826 1175 834 1238 Ι
869 1168 1037 1224 οὐδὲν
1083 1172 1155 1235 ὡς
1201 1170 1289 1225 ἐπὶ
1329 1173 1620 1242 τυραννίδι
1668 1177 1787 1221 RIV
1804 1182 1888 1221 603

109 1262 423 1330 νομίζομενς
493 1259 578 1314 56.
620 1260 828 1314 οὐκοῦν
868 1259 901 1313 ἃ
939 1261 1078 1328 πρὸς
1125 1259 1346 1329 ἑτέρους
1391 1261 1603 1330 τούμὸν
1641 1261 1802 1330 γένος

110 1351 471 1419 αἰσχύνοντας
512 1348 882 1419 διεπραξάμην
920 1348 991 1403 ἂν
1031 1351 1279 1418 δικαίως,
1326 1358 1497 1403 ταῦτα
1543 1351 1632 1403 καὶ
1672 1353 1803 1414 τοὺς

111 1441 347 1502 οἰκείους
399 1437 489 1491 ὑπ’
553 1439 737 1492 αὐτῶν
793 1438 1254 1508 περιυβρισμένος
1316 1438 1562 1508 διέθηκα.
1624 1440 1803 1493 καίτοι

109 1537 272 1582 τοῦτο
311 1533 495 1601 πολλῷ
529 1538 717 1598 χεῖρον
754 1527 844 1581 καὶ
884 1531 1138 1591 πλείονος
1170 1527 1339 1598 γέμον
1371 1530 1635 1598 αἰσχύνης
1666 1530 1802 1599 ἥπερ
1828 1551 1869 1585 15

112 1619 159 1670 εἰ
198 1618 344 1688 παρά
382 1638 482 1671 του
521 1627 632 1671 τῶν
670 1619 947 1687 πολεμίων
995 1617 1216 1681 ἀδοξεῖν
1261 1617 1645 1687 ἠναγκάζοντο.
1695 1618 1808 1671 ἐκεῖ

111 1708 214 1777 γὰρ
255 1709 425 1777 μόνης
463 1715 558 1776 τῆς
595 1710 719 1777 βίας
766 1706 836 1761 ἂν
882 1707 1059 1761 ἐδόκει
1098 1708 1159 1760 τὸ
1214 1709 1410 1775 κακόν,
1458 1707 1704 1761 ἐνταῦθα
1744 1704 1804 1759 δὲ

111 1797 248 1864 πρὸς
307 1797 409 1865 τὴν
469 1798 696 1866 γνώμην
749 1797 782 1865 ἡ
837 1799 1116 1867 φαυλότης
1172 1796 1288 1868 ὁρᾷ.
1351 1798 1412 1850 τὸ
1469 1795 1517 1848 δ’
1581 1795 1806 1859 ἑκόντας

112 1884 433 1956 ἐξαμαρτεῖν
487 1887 614 1939 οὔτε
667 1887 791 1939 τινὰ
844 1887 992 1955 παρὰ
1052 1895 1168 1948 τοῖς
1229 1887 1420 1955 νόμοις
1475 1884 1805 1955 ἀποφέρεται

114 1973 450 2043 συγγνώμην
503 1973 592 2028 καὶ
639 1976 701 2028 τὸ
755 1979 1036 2039 παντελῶς
1090 1974 1309 2039 ἀδοξεῖν
1362 1974 1805 2044 προσεφέλκεται.
1830 1998 1874 2031 20

115 2063 200 2117 57.
241 2065 287 2116 εἰ
333 2061 435 2131 μὲν
482 2059 587 2117 οὖν
635 2063 823 2133 ἕτερόν
875 2084 998 2117 τινα
1054 2065 1261 2133 τρόπον
1315 2063 1448 2133 ἐνῆν
1493 2066 1594 2134 τὴν
1639 2063 1807 2134 ὕβριν

115 2152 483 2206 ἀποσκεδάσαι
536 2151 627 2206 καὶ
682 2154 1016 2222 τηλικαύτην
1063 2153 1290 2217 ἀδοξίαν
1346 2152 1663 2222 ἀποφυγεῖν
1712 2161 1807 2222 τῆς

234 2289 259 2327 9
294 2284 348 2327 cf.
383 2299 429 2340 p.
455 2288 554 2340 253,
573 2288 613 2329 3.
646 2286 679 2327 t.
704 2284 768 2328 VI
793 2288 966 2340 620,12

237 2409 256 2446 1
293 2403 597 2460 σωφρονούσῃ
627 2404 715 2447 Μα
747 2403 828 2446 sed
860 2402 946 2459 ύση
979 2403 1027 2446 in
1059 2418 1133 2447 ras
1161 2402 1232 2446 m⁸
1292 2402 1568 2460 σωφροσύνῃ
1593 2402 1661 2446 Re
1689 2403 1695 2458 Ι
1722 2408 1804 2446 τοῦ

115 2463 200 2519 τὴν
231 2462 430 2518 τάνδρὸς
462 2462 626 2518 scripsi
666 2464 853 2506 auctore
886 2462 953 2506 Re
1027 2462 1109 2519 τὴν
1140 2469 1223 2507 τοῦ
1255 2462 1428 2516 ἀνδρὸς
1459 2461 1567 2505 libri
1600 2461 1690 2504 edd
1723 2462 1804 2504 sed

115 2528 198 2565 τοῦ
229 2522 314 2578 τὴν
345 2528 427 2565 τοῦ
459 2522 631 2576 ἀνδρὸς
662 2521 766 2565 coni
801 2521 901 2564 Mor
1036 2526 1061 2564 6
1094 2521 1256 2577 νόμοις
1286 2521 1396 2564 libri
1428 2523 1475 2565 et
1507 2537 1560 2578 γρ
1592 2520 1642 2563 in
1673 2535 1806 2577 marg

117 2581 219 2625 Mor
273 2594 374 2624 corr
390 2581 500 2624 Ferr
560 2586 675 2635 „aut
688 2581 914 2625 servanda
931 2581 1119 2639 vulyata
1134 2587 1230 2634 aut,
1247 2583 1288 2625 si
1305 2578 1464 2635 νόμοις
1472 2581 1804 2636 praeferamus,

117 2641 271 2698 leyerit
301 2639 686 2696 ὑποταττόμεθα“
716 2640 784 2683 Re
905 2644 931 2682 8
964 2640 1272 2698 βουλομένους
1298 2639 1442 2684 MaCl
1473 2638 1554 2682 sed
1585 2639 1632 2681 in
1666 2639 1752 2681 hoc
1785 2637 1805 2681 ἑ

119 2713 260 2755 supra
290 2700 390 2756 βου,
423 2699 526 2743 ViB
539 2700 607 2743 Va
751 2702 804 2742 10
838 2696 907 2743 ὅτι
932 2699 1063 2744 GlVa
1200 2703 1253 2743 12
1288 2699 1460 2743 οὐκοῦν
1487 2699 1574 2742 Ma
1608 2697 1688 2741 sed
1721 2705 1806 2741 οῦν

118 2787 168 2830 in
184 2801 258 2830 ras
274 2787 344 2830 m⁸
465 2792 519 2832 13
545 2775 886 2843 διῗπραξὲἰμην
906 2788 993 2831 Μα
1054 2785 1393 2843 διεπραξαίμην
1413 2787 1466 2831 Ol
1580 2791 1632 2829 15
1659 2784 1807 2843 γέμων

120 2847 296 2891 LPaGl
431 2851 486 2890 16
518 2846 647 2902 παρὰ
677 2847 853 2891 τούτων
887 2847 955 2890 Va
1077 2851 1132 2890 20
1165 2847 1352 2900 ἀδοξεῖν
1381 2848 1468 2889 Μα
1500 2845 1582 2889 sed
1614 2862 1643 2888 α
1676 2844 1725 2887 in
1756 2859 1806 2887 ευ

121 2919 222 3008 cssrr
250 2905 320 3007 {ag
462 2911 517 2950 22
557 2906 638 2950 καὶ
672 2905 846 2949 inserui
879 2918 903 2948 e
932 2906 1190 2950 MaOlViB
1204 2906 1271 2949 Va
1301 2907 1354 2948 ut
1386 2905 1490 2948 coni
1522 2905 1588 2947 Re
1661 2918 1735 2968 om
1765 2904 1808 2948 L

166 2980 195 3008 a
227 2977 250 3007 e

211 3047 405 3079 Iammura
423 3047 726 3079 edFoerster.
745 3048 830 3079 VII.
1397 3042 1449 3079 23
