2014 3158
321 137 511 182 AVARI
542 136 867 181 THESAURO
899 135 1148 181 PRIVATI
1178 135 1574 181 LAMENTATIO
1701 135 1802 188 731

113 274 331 345 πλούτῳ
394 275 530 326 κατὰ
584 275 761 343 βραχὺ
824 274 1196 341 προστίθησιν
1257 270 1449 338 ἕτερον
1509 272 1598 324 καὶ
1664 267 1810 344 δρῴη

113 370 276 415 τοῦτο
314 363 387 431 μὴ
427 363 750 429 διαλείπων,
799 359 1114 430 ἐπηυξηκὼς
1153 358 1306 414 ἔσται
1344 362 1446 429 τὴν
1484 361 1811 430 περιουσίαν

114 456 191 513 εἰς
228 451 628 519 πολυπλάσιον,
669 451 735 503 ὃν
773 451 982 521 τρόπον
1019 448 1111 503 καὶ
1151 450 1396 517 ποταμὸν
1435 449 1493 503 ἐκ
1527 451 1811 517 σταγόνων

113 540 355 592 ἄλλοθεν
408 540 576 608 ἄλλης
630 539 1055 608 συνεισρεούσης
1103 535 1312 602 ἔξεστιν
1360 538 1498 606 ὁρᾶν
1553 538 1810 591 συνιστά·

111 647 296 696 μενον.
354 628 401 681 7.
440 629 672 691 ποσάκις
717 637 836 691 ταῖς
883 626 1141 696 νεφέλαις
1187 626 1534 696 ἐμεμψάμην,
1581 626 1811 690 ποσάκις
1858 670 1865 678 .

111 718 335 780 ταύταις
366 718 629 787 λοίδορον
661 717 845 786 ἀφῆκα
877 718 1091 785 φωνήν,
1125 716 1209 770 ὅτι
1241 718 1314 785 μὴ
1346 717 1437 769 καὶ
1470 724 1594 783 νῦν,
1628 716 1811 784 ὥσπερ

112 804 298 874 ἀμέλει
335 816 450 868 τοῖς
484 804 713 869 Ῥοδίοις
751 806 898 874 ποτέ,
937 807 1117 859 πολὺν
1149 805 1512 881 ἐπώμβρησαν
1543 806 1643 858 τὸν
1681 825 1811 874 χρυ-

114 896 231 963 σόν,
272 894 345 957 ὡς
385 897 529 965 ἔχειν
560 894 792 964 ἀμογητὶ
823 896 926 964 τὴν
957 891 1153 965 ἔφεσιν
1187 896 1193 963 Ι
1229 895 1544 963 ἀποπλῆσαί
1584 899 1730 944 Boiss.
1749 915 1794 956 p.
1816 903 1897 941 167

110 1003 244 1051 μου,
299 984 388 1037 καὶ
444 985 603 1037 δυεῖν
656 984 901 1054 θάτερον
955 984 1201 1054 ηὐχόμην
1251 982 1540 1052 γενέσθαι,
1587 983 1621 1053 ἧ
1675 980 1810 1051 κάμὲ

111 1082 226 1135 τοῖς
264 1075 385 1126 τότε
425 1073 790 1143 ξυντετάχθαι
828 1075 1050 1142 βροτοῖς
1081 1072 1114 1141 ἢ
1147 1081 1288 1142 γοῦν
1323 1073 1493 1125 ταύτὰ
1533 1075 1810 1141 συμβῆναι
1835 1093 1878 1125 10

110 1160 201 1215 καὶ
233 1169 354 1215 νῦν.
397 1161 444 1214 8.
477 1162 707 1225 ποσάκις
738 1163 875 1232 πρὸς
907 1163 1009 1231 τὴν
1049 1162 1232 1231 Τύχην
1272 1163 1576 1231 διείλεγμαι
1607 1181 1808 1231 μονον-

112 1248 236 1320 ουχὶ
275 1249 389 1303 κατ’
438 1251 767 1319 ὀφθαλμοὺς
806 1249 1160 1321 ἐντυγχάνων
1199 1251 1356 1321 αὐτῇ·
1404 1249 1591 1320 μέχρι
1629 1252 1810 1312 τίνος

110 1338 609 1409 ἀποστραφήσῃ;
643 1338 837 1408 λέγων,
876 1339 1064 1410 μέχρι
1095 1342 1277 1402 τίνος
1306 1341 1633 1409 περιόψει;
1666 1338 1816 1412 ἵλεῴ

109 1445 261 1481 ποτε
302 1429 463 1497 πρὸς
494 1428 656 1497 ἡμᾶς
687 1427 1048 1498 ἐπίβλεψον
1079 1430 1331 1497 ὄμματι.
1373 1428 1704 1496 οἴκτειρόν
1736 1447 1809 1496 με

109 1518 751 1586 ταλαιπωρούμενον.
798 1519 1037 1571 πολλοί
1074 1532 1176 1571 σοι
1214 1517 1547 1586 θησαυροὶ
1585 1518 1875 1586 κεκρύ-ιι

110 1625 311 1674 φαται
343 1606 502 1658 κατὰ
534 1614 662 1674 γῆς.
698 1605 1007 1675 ἐξαπίνης
1037 1606 1199 1676 ἡμᾶς
1229 1607 1590 1669 πλουσίους
1622 1604 1808 1674 ἀπέρ-

109 1708 319 1761 γασαι.
367 1693 445 1747 ἂν
484 1690 518 1766 ᾖ
567 1694 940 1767 βουλομένῃ
989 1709 1117 1764 σοι,
1164 1696 1233 1748 τὸ
1280 1695 1810 1764 προσιστάμενον

229 1890 252 1928 7
280 1886 337 1929 cf.
356 1885 417 1929 ad
434 1901 477 1942 p.
500 1890 567 1939 10,
591 1890 657 1929 16.
684 1899 756 1943 ep.
775 1889 860 1930 873
978 1891 1004 1929 8
1028 1885 1079 1930 ΙΙ.
1100 1889 1124 1930 λ
1141 1891 1224 1949 637
1344 1890 1397 1930 15
1422 1885 1529 1929 Hes.
1546 1884 1702 1941 theog.
1723 1889 1808 1928 730

230 2067 283 2107 17
317 2064 512 2117 ἀττικῶς
541 2063 689 2121 ἤγουν
722 2065 763 2108 εἰ
794 2063 961 2123 ἐθέλῃς
986 2063 1051 2109 P²
1077 2066 1083 2120 Ι
1112 2063 1260 2121 ἤγουν
1296 2061 1542 2119 ἐμποδίζον
1567 2062 1631 2106 Ρξ

231 2247 252 2285 1
287 2242 406 2285 κατὰ
430 2242 579 2300 βραχὺ
604 2241 771 2298 scripsi
831 2242 1102 2300 καταβραχὺ
1127 2242 1174 2286 P
1201 2241 1334 2284 Boiss
1465 2245 1490 2283 5
1523 2238 1800 2290 ποσάκις-

111 2305 211 2355 732,
229 2305 254 2343 3
273 2299 572 2358 διαλέγεσθαι
604 2301 664 2343 ad
680 2314 839 2345 versus
857 2300 1124 2344 comoediae
1141 2300 1330 2344 Atticae
1346 2299 1586 2343 revocavit
1602 2298 1806 2342 Kockius

110 2359 158 2403 11.
176 2358 225 2403 ll.
246 2363 330 2403 399
349 2361 396 2404 et·
414 2364 528 2403 1509
547 2362 594 2404 eb
612 2363 727 2404 1510
745 2359 1020 2417 ἐμεμψάμην
1044 2375 1092 2404 τε
1115 2367 1218 2410 ταῖς
1241 2357 1470 2414 νεφέλαις,
1502 2357 1572 2402 ὅτι
1604 2356 1664 2412 δή
1693 2355 1799 2403 ποτ’

111 2420 166 2463 οὐ
201 2420 208 2476 Ι
243 2425 332 2463 νῦν
364 2417 513 2474 ὥσπερ
546 2417 703 2476 ἀμέλει
734 2426 832 2471 τοῖς
861 2416 1142 2474 Κορινθίοις
1172 2419 1283 2462 ποτὲ
1318 2420 1324 2475 Ι
1362 2417 1495 2461 ὕουσι
1526 2417 1667 2472 κάμοὶ
1697 2433 1806 2474 χρυ-

112 2478 194 2522 σὸν
228 2477 277 2523 ἐκ
309 2477 424 2528 Διὸς
453 2478 615 2532 πολύν,
643 2479 649 2534 Ι
677 2479 757 2522 καὶ
787 2484 842 2536 τῇ
861 2478 998 2555 Τύχῃ
1030 2494 1103 2523 τοι
1133 2477 1278 2522 πολλὰ
1310 2475 1578 2535 διελέχθην·
1607 2474 1760 2534 μέχρι
1795 2478 1799 2533 Ι

109 2535 238 2588 τίνος
266 2534 488 2611 περιόψει
518 2534 593 2594 μ’;
627 2535 731 2595 ἵλεῴ
762 2538 870 2582 ποτ’
906 2536 1073 2594 ὄμματι
1108 2539 1114 2593 Ι
1137 2534 1459 2610 πρόσβλεψον,
1492 2534 1695 2590 οἴκτιρον
1726 2551 1804 2579 τα-

111 2595 506 2652 λαιπωρούμενον.
557 2597 563 2651 Ι
612 2581 796 2652 πολλοί,
828 2603 989 2652 σαφῶς
1023 2594 1150 2640 τοῦτ’
1188 2592 1312 2651 οἶδα,
1342 2594 1578 2651 θησαυροὶ
1610 2593 1801 2654 χρόνφΙ

111 2653 230 2699 κατὰ
269 2661 353 2712 γῆς
390 2655 701 2729 κεκρύφαται·
740 2654 963 2700 πλούσιόν
1002 2653 1048 2728 μ’
1086 2654 1365 2726 &ns‘momoct‘
1417 2657 1423 2708 Ι
1483 2653 1554 2697 σοὶ
1586 2638 1806 2711 βουλομέ-

201 2713 290 2770 γὰρ
323 2714 433 2758 οὐδὲ
467 2713 518 2758 ἓν
540 2711 857 2769 προσίσταται.
858 2715 893 2787 Ι
921 2716 1002 2758 ἀλλ
1051 2714 1292 2787 αἰγιαλοῖς,
1327 2711 1387 2763 ὥς
1418 2726 1562 2769 φησιν
1587 2712 1614 2768 ἡ
1641 2727 1805 2767 παροι-

111 2730 210 2828 uqa,
252 2776 259 2829 Ι
302 2770 498 2817 ἐδόκουν
531 2775 825 2829 προσομιλεῖν
855 2790 883 2848 η
916 2776 1065 2830 νεκρῷ
1095 2773 1210 2828 πρὸς
1242 2770 1323 2823 οὖς
1338 2771 1512 2845 λέγειν.
1637 2776 1661 2814 6
1693 2771 1804 2815 ταύ-

110 2847 213 2882 ταις
245 2831 409 2887 scripsi
484 2831 656 2889 ταύτησ
679 2833 726 2877 Ρ
795 2832 970 2889 ταύτην
1002 2818 1133 2875 B‘oiss
1279 2835 1301 2874 7
1338 2827 1536 2881 Ροδίοις
1566 2830 1730 2886 scripsi

111 2888 376 2946 κορινθίοις
407 2891 452 2934 Ρ
482 2890 614 2935 Boiss
665 2893 671 2948 Ι
721 2889 1020 2964 ἐπόμβρησαν
1045 2891 1091 2935 Ρ
1149 2903 1250 2933 corr
1284 2889 1418 2933 Boiss
1564 2893 1618 2931 10
1656 2889 1804 2932 ταύτὰ

113 2949 277 3005 scripsi
337 2955 483 2993 ταῦτα
510 2951 556 2993 Ρ
582 2949 705 2994 sed
741 2963 842 2994 eras
875 2948 955 2993 et
998 2962 1140 3005 supra
1171 2966 1201 2991 α
1232 2948 1314 3001 m’,
1349 2948 1481 2992 Boiss
