2014 3158
636 102 935 147 STRATEGI
964 101 1270 147 APOLOGIA
1686 101 1797 154 495

103 242 240 310 αὐτὴ
280 248 381 294 τοῦ
411 240 729 309 πράγματος
759 239 792 308 ἡ
825 239 994 308 φύσις
1023 239 1265 300 πολλοὺς
1296 236 1366 290 ἄν
1396 237 1573 309 τούτῳ
1609 235 1616 309 Ι
1661 242 1782 287 RIV
1799 246 1887 287 486

101 329 338 399 παρέσχε
377 331 509 392 τοὺς
548 329 852 398 μάρτυρας,
899 327 982 395 οἵ,
1029 328 1078 379 εἰ
1127 327 1217 379 καὶ
1262 328 1386 379 τότε
1425 325 1651 395 ἐσίγων,
1696 328 1799 396 τὴν

104 420 453 488 λαμπρότητα
491 416 582 470 καὶ
621 419 684 470 τὸ
723 418 996 485 τιμᾶσθαί
1029 434 1096 484 με
1133 413 1263 484 παρ’
1307 416 1465 484 ὑμῶν
1510 415 1799 485 ὑφορώμε-

102 528 192 561 νοι
231 515 338 560 νῦν
377 506 439 560 ἐν
483 515 549 577 τῇ
595 509 775 573 κρίσει
821 503 910 558 καὶ
956 513 1075 567 ταῖς
1122 506 1493 573 βλασφημίαις
1542 502 1791 558 ἐπέθεντ’

104 595 174 650 ἂν
204 596 312 650 ὑπὸ
344 604 445 650 τοῦ
476 602 673 665 καιροῦ
704 592 1164 666 παρακληθέντες.
1204 594 1454 661 λυπηρὸν
1486 590 1547 646 δὲ
1579 593 1608 646 ὁ
1640 608 1799 662 στρα-
1845 613 1867 647 ⁶

102 686 268 754 τηγὸς
320 688 565 753 πολλαχῆ
620 692 735 746 τοῖς
796 683 1176 736 ἀκολουθοῦσι
1229 690 1425 735 πονεῖν
1482 681 1800 750 ἐπιτάττων,

104 776 451 844 μεμφόμενος
474 782 588 836 τοῖς
613 773 878 826 ὀκνοῦσιν
902 770 965 825 ἐν
990 780 1110 834 ταῖς
1135 771 1348 840 μάχαις,
1373 770 1436 825 ἐν
1465 781 1584 834 ταῖς
1615 773 1801 825 διανο-

105 872 231 930 μαῖς
268 865 399 925 τοὺς
436 862 726 923 τοιούτους
758 861 944 914 ἀνιῶν.
985 859 1072 913 25.
1103 861 1318 914 τούτων
1349 862 1418 930 δή
1448 881 1603 923 τινας
1633 859 1801 931 ἐχρῆν

104 952 282 1023 τούτῳ
321 950 657 1021 παρεστάναι
695 950 786 1003 καὶ
817 959 1119 1019 μαρτυρεῖν
1150 951 1223 1013 ὡς
1253 949 1469 1018 τάληθῆ
1501 949 1801 1019 γέγραπται

105 1043 219 1109 καί,
266 1042 335 1109 νὴ
374 1043 487 1093 Δία
526 1059 613 1108 γε,
659 1038 750 1092 καὶ
796 1048 909 1092 τῶν
955 1028 1102 1106 ἐμῶν
1148 1040 1377 1092 οἰκετῶν
1423 1039 1525 1092 οὐκ
1563 1039 1800 1108 ὀλίγους.
1826 1061 1869 1093 ιο

106 1130 190 1183 ὅτι
229 1127 332 1199 μὲν
369 1131 475 1199 γὰρ
515 1136 739 1199 πρᾶγμα
777 1136 1047 1182 τοσοῦτον
1087 1132 1308 1182 πολλῶν
1346 1125 1449 1197 μὲν
1489 1129 1558 1182 ἂν
1598 1127 1800 1198 ἐδεήθη

106 1221 304 1286 λόγων,
343 1221 554 1272 πολλοῦ
594 1218 656 1271 δὲ
694 1218 901 1287 χρόνου
940 1215 1031 1270 καὶ
1070 1215 1201 1270 καθ’
1247 1216 1481 1287 ἑκάστην
1518 1217 1730 1287 ἡμέραν
1768 1217 1802 1286 ἢ

107 1309 400 1370 συνιόντας
447 1307 650 1369 αὐτοὺς
697 1304 810 1359 ἔδει
855 1309 1309 1376 κοινολογεῖσθαι
1353 1307 1445 1360 καὶ
1496 1316 1724 1360 σκοπεῖν
1769 1307 1802 1375 ἦ

106 1394 176 1449 δι’
227 1394 429 1465 ἑτέρων
469 1394 727 1464 ἀλλήλοις
766 1394 1123 1463 διαλέγεσθαι
1163 1393 1254 1447 καὶ
1294 1395 1508 1465 ῥήματα
1536 1394 1663 1465 περὶ
1701 1403 1802 1448 τοῦ

105 1484 422 1554 πράγματος
459 1483 693 1553 πέμπειν
730 1504 789 1537 τε
826 1482 919 1537 καὶ
959 1483 1218 1552 δέχεσθαι
1259 1485 1433 1552 δῆλον
1464 1479 1617 1554 οἶμαι
1646 1493 1802 1538 πᾶσι·
1827 1507 1871 1539 15

106 1575 237 1636 τοὺς
277 1570 338 1626 δὲ
377 1581 548 1626 ταῦτα
588 1574 1009 1641 διακονοῦντας,
1058 1574 1105 1626 εἰ
1152 1570 1254 1642 μὲν
1299 1583 1411 1626 τῶν
1457 1576 1685 1627 οἰκετῶν
1728 1570 1802 1627 εἷ-

105 1665 205 1716 ναί
237 1662 394 1725 τινάς
432 1675 594 1732 φησι,
641 1664 696 1714 τί
731 1663 804 1731 μὴ
843 1663 1078 1725 τούτους
1116 1652 1291 1727 καλεῖς
1344 1664 1392 1716 εἰ
1440 1659 1500 1716 δὲ
1539 1672 1651 1716 τῶν
1690 1661 1805 1716 ἐπι-

107 1752 358 1820 τηδείων,
396 1753 452 1804 τί
487 1752 560 1820 μὴ
599 1752 815 1814 τούτοις
854 1759 1069 1821 χρῆται;
1108 1751 1195 1804 26.
1235 1750 1396 1822 ὁρᾶτε
1435 1754 1564 1815 τοὺς
1604 1765 1805 1820 συγκα-

108 1842 408 1910 τασχόντας
455 1846 530 1912 τῷ
579 1841 834 1912 τυράννῳ
882 1841 984 1908 τὴν
1031 1840 1230 1910 ἀρχήν,
1282 1836 1361 1894 ὧν
1408 1842 1461 1894 οἱ
1506 1841 1608 1908 μὲν
1654 1841 1804 1912 αὐτῷ

107 1929 170 1981 τὸ
211 1938 365 1996 σῶμα
404 1928 737 1997 ἐφύλαττον,
784 1929 837 1981 οἱ
878 1929 940 1982 δὲ
978 1930 1080 1998 τὴν
1127 1929 1433 1998 ἀκρόπολιν
1467 1928 1804 2001 ἐφρούρουν,
1829 1952 1875 1983 20

230 2095 252 2133 1
286 2089 454 2134 τούτου
482 2088 646 2145 Doxap
770 2094 794 2132 2
829 2087 931 2135 οἷον
962 2089 1128 2146 Doxap
1155 2090 1162 2149 Ι
1188 2097 1325 2135 τοῦτο
1357 2090 1520 2147 Doxap
1550 2093 1556 2147 Ι
1583 2091 1664 2134 καὶ
1696 2092 1806 2134 ante

110 2149 195 2205 τὴν
227 2149 390 2205 Doxap
537 2153 562 2192 3
603 2146 689 2205 μὲν
717 2148 883 2205 Doxap
1028 2154 1054 2193 5
1093 2148 1461 2206 παρακληθέντα
1500 2149 1663 2206 Doxap

113 2213 135 2251 7
180 2216 278 2259 τοῖς
321 2208 397 2252 del
428 2209 471 2252 L
549 2222 624 2251 om
658 2208 917 2253 MLaViOl
957 2208 1123 2265 Doxap
1172 2211 1178 2265 Ι
1230 2209 1439 2267 ἐν(1)---
1472 2213 1499 2252 8
1542 2210 1688 2253 ἀνιῶν
1731 2222 1806 2252 om

110 2267 274 2325 Doxap
323 2271 330 2324 1
380 2266 551 2324 μάχαις
582 2293 638 2299 —
672 2268 920 2323 διανομαῖς
950 2269 995 2312 L
1033 2268 1116 2312 sed
1158 2285 1214 2326 γρ
1255 2268 1305 2312 ἐν
1343 2275 1446 2319 ταῖς
1483 2275 1565 2313 τοῦ
1604 2266 1806 2324 πολέμου

112 2325 348 2384 ἐργασίαις
377 2328 486 2378 τοὺς
509 2325 749 2377 τοιούτους
780 2327 927 2371 ἀνιῶν
957 2334 1038 2371 τοῦ
1070 2327 1272 2384 πολέμου
1304 2325 1540 2385 ἐργασίαις
1566 2328 1701 2372 MLa
1724 2327 1805 2371 sed

112 2386 161 2428 in
200 2386 288 2430 hoc
327 2386 376 2429 in
415 2386 489 2430 lac
526 2389 641 2428 4-5
675 2385 755 2429 litt
791 2385 917 2430 inser
950 2401 988 2443 p
1027 2389 1076 2431 et
1113 2394 1257 2443 τιμῶν
1294 2389 1403 2438 τοὺς
1442 2387 1719 2443 προθύμους
1755 2386 1806 2429 in

112 2458 246 2502 marg
274 2459 310 2499 ε,
345 2446 403 2490 Vi
451 2447 457 2502 Ι
506 2446 679 2501 ταῖς-(1)
705 2445 748 2489 L
779 2445 861 2488 sed
894 2445 971 2489 del
1011 2446 1018 2504 Ι
1061 2445 1111 2490 ἐν
1142 2453 1245 2497 ταῖς
1276 2449 1524 2502 διανομαῖς
1562 2446 1611 2489 in
1643 2445 1716 2488 lac
1749 2449 1807 2488 25

112 2503 208 2548 fere
231 2503 312 2548 litt
329 2504 403 2549 01⁸
430 2507 436 2559 Ι
466 2504 516 2549 ἐν
538 2511 641 2555 ταῖς
663 2503 789 2548 inser
806 2503 897 2549 Va'
1018 2508 1044 2548 8
1076 2506 1132 2549 οὗ
1157 2508 1267 2549 ante
1289 2506 1529 2555 τοιούτους
1544 2506 1621 2549 La
1631 2506 1690 2548 Vi

114 2568 139 2606 9
169 2563 318 2623 τούτῳ
349 2578 426 2607 om
450 2564 585 2607 MLa
598 2564 655 2606 Vi
713 2563 889 2607 τούτων
920 2563 972 2608 Ol
1031 2564 1214 2615 τούτοις
1244 2564 1408 2621 Doxap
1436 2567 1443 2620 Ι
1471 2564 1535 2607 ὡσ
1568 2565 1635 2608 Va
1667 2562 1749 2607 sed
1782 2575 1807 2606 σ

111 2621 238 2666 inser
267 2622 338 2666 ω’
413 2619 518 2666 ὥστ’
549 2622 694 2666 LaVi
742 2624 748 2678 Ι
797 2623 980 2679 τάληθῆ
1013 2623 1179 2680 scripsi
1211 2637 1236 2667 e
1267 2623 1430 2679 Doxap
1506 2623 1664 2679 ἀληθῆ
1694 2621 1806 2665 libri

113 2681 204 2724 edd
326 2686 381 2725 10
412 2682 564 2738 καὶ(2)
597 2695 672 2724 om
705 2681 774 2724 Va
801 2682 807 2738 Ι
837 2680 967 2739 ὀλίγα
990 2682 1155 2739 Doxap
1279 2687 1330 2726 11
1364 2683 1442 2725 καὶ
1477 2683 1586 2726 ante
1616 2688 1807 2737 πρᾶγμα

114 2741 240 2785 BVa
267 2743 274 2797 Ι
301 2741 386 2797 μὲν
411 2755 487 2784 om
513 2742 575 2784 M
602 2740 714 2783 Fen·
736 2740 840 2784 Mor
962 2745 1014 2785 12
1047 2740 1345 2797 καθεκάστην
1364 2741 1496 2786 OEVa
1617 2745 1672 2783 16
1705 2743 1806 2785 δια-

113 2805 370 2851 κονοῦντας
403 2800 471 2845 Va
503 2799 584 2843 sed
616 2816 701 2843 κον
733 2799 781 2843 in
813 2813 888 2843 ras
922 2805 945 2844 1
979 2799 1060 2844 litt
1089 2800 1159 2843 m²
1303 2804 1355 2844 17
1390 2798 1525 2854 φήσει
1550 2799 1624 2843 La
1637 2799 1749 2844 Viol

114 2872 231 2914 φασι
263 2858 424 2914 Doxap
548 2862 602 2902 19
633 2857 719 2914 τὴν
751 2858 899 2915 ἀρχὴν
927 2862 992 2919 τῷ
1021 2859 1235 2918 τυράννῳ
1262 2861 1366 2904 ΜΒ
1379 2860 1447 2903 Va
1488 2862 1495 2914 Ι
1530 2855 1671 2909 αὐτὸς
1697 2857 1749 2915 C'l

115 2918 267 2962 αὐτῶν
298 2917 462 2973 Doxap
