2014 3158
1038 658 1096 709 L.

333 781 645 829 Declamatio
661 773 1247 846 inscripta’Edeoepavd
1272 799 1360 840 τις
1383 780 1482 829 τὸν
1508 779 1721 830 ἑαυτοῦ
1741 783 1928 832 παῖδα

229 855 613 920 βουλεύσεως.
663 853 688 904 ὁ
727 859 866 914 παῖς
912 853 1163 920 ἀκρίτως
1210 853 1546 904 ἀποθανεῖν
1586 853 1751 915 ἀξιοῖ
1782 855 1927 906 κατὰ

229 927 329 978 τὸν
361 927 494 996 περὶ
525 936 638 978 τῶν
677 927 933 992 ἀκρίτων
972 927 1160 992 νόμον
1194 945 1293 991 qua
1323 929 1455 977 filius
1490 946 1517 976 a
1549 934 1691 992 patre
1723 931 1926 980 insidia-

227 1021 338 1051 rum
371 1004 575 1052 crimine
613 1005 667 1051 in
703 1006 781 1052 ius
821 1006 1026 1053 vocatus
1059 1019 1089 1050 a
1119 1003 1367 1053 iudicibus
1404 1004 1534 1066 petit
1571 1006 1628 1052 ut
1659 1005 1791 1066 patri
1823 1007 1929 1055 sine

228 1077 416 1126 iudicio
462 1077 832 1126 interficiendus
873 1077 1125 1139 tradatur,
1163 1094 1263 1126 non
1301 1080 1378 1126 ita
1407 1078 1679 1126 multorum
1711 1080 1929 1142 gratiam

229 1144 425 1200 iniit'et
454 1154 507 1199 in
539 1168 723 1213 paucas
757 1153 951 1216 eclogas
981 1154 1183 1214 recepta
1215 1155 1304 1200 est.
1347 1153 1523 1214 Neque
1557 1152 1737 1201 codicis
1766 1170 1929 1216 neque

228 1226 504 1275 'testimonii
534 1227 686 1274 ullius
718 1228 856 1274 aetas
889 1227 1139 1275 saeculum
1179 1226 1422 1275 decimum
1456 1229 1690 1289 quartum
1723 1228 1926 1276 excedit.

229 1300 297 1348 Et
334 1315 519 1362 parvus
563 1303 639 1349 est
680 1316 917 1348 numerus
961 1301 1186 1349 codicum
1226 1301 1402 1362 quibus
1442 1301 1505 1348 ad
1543 1301 1670 1350 hanc
1710 1304 1928 1350 aetatem

229 1377 470 1437 pervenit.

343 1449 471 1497 Sunt
502 1451 670 1496 autem
699 1449 753 1495 hi
783 1448 1035 1497 undecim:

340 1523 531 1585 Incipio
566 1539 595 1570 a
628 1519 1023 1585 ‘corporalibus’.

345 1600 390 1645 1.
422 1597 789 1646 Barberinus
821 1597 873 1644 H
893 1599 959 1645 41
989 1613 1120 1645 nunc
1140 1597 1418 1646 Vaticanus
1441 1597 1589 1645 Barb.
1618 1599 1724 1645 220
1751 1590 1845 1664 (=
1862 1597 1928 1659 B)

231 1686 354 1720 saec.
379 1671 472 1719 XV
503 1671 589 1721 fol.
616 1673 737 1719 429.
776 1671 902 1719 Vide
935 1674 969 1718 t.
995 1671 1021 1719 I
1050 1689 1098 1733 p.
1125 1673 1194 1719 24
1212 1686 1283 1733 sq.
1331 1671 1431 1719 Leo
1464 1672 1683 1719 Allatius
1717 1672 1768 1718 in
1798 1688 1928 1720 mar-

230 1747 343 1810 gine
374 1745 613 1794 lectiones
645 1745 827 1794 codicis
858 1745 1093 1793 Vaticani
1124 1762 1196 1809 gr.
1223 1746 1290 1793 82
1324 1745 1507 1807 posuit.
1563 1744 1779 1794 Contuli.

346 1821 390 1867 2.
437 1819 885 1868 Laurentianus
932 1819 1074 1867 LVII
1114 1822 1179 1867 21
1231 1834 1355 1868 saec.
1388 1819 1630 1885 XIVJXV
1661 1820 1745 1868 fol.
1781 1822 1925 1870 219'.

230 1892 360 1942 Vide
391 1896 426 1940 t.
451 1893 498 1940 V
529 1911 575 1956 p.
604 1894 707 1942 158
727 1909 797 1955 sq.

346 1968 563 2015 Transeo
597 1967 660 2016 ad
693 1963 1019 2030 ‘eclogem-ios&

345 2043 391 2089 3.
424 2042 869 2090 Escurialensis
887 2038 1124 2090 Τ-ΙΙ-15
1145 2035 1274 2109 (151
1296 2043 1350 2089 in
1375 2043 1604 2106 catalogo
1621 2035 1928 2109 Milleriano)

230 2130 354 2164 saec.
387 2115 507 2163 XVI
544 2116 631 2163 fol.
667 2117 761 2164 64v
801 2132 825 2162 e
866 2116 1138 2163 Barberino
1181 2117 1290 2178 ipso
1333 2116 1415 2164 vel
1460 2116 1609 2164 huius
1658 2116 1930 2178 exemplari

233 2189 524 2251 descriptus.
574 2188 701 2237 Vide
733 2192 767 2237 t.
794 2188 840 2236 V
870 2206 917 2251 p.
947 2191 974 2236 7
996 2206 1066 2251 sq.

345 2265 392 2310 4.
432 2263 806 2312 Monacensis
845 2281 915 2327 gr.
953 2265 1019 2312 96
1057 2256 1153 2330 (--
1177 2261 1317 2326 Mon)
1353 2279 1477 2312 saec.
1513 2263 1631 2311 XVI
1661 2264 1746 2311 fol.
1784 2265 1927 2312 121'.

230 2336 359 2385 Vide
390 2339 426 2384 t.
449 2337 495 2383 V
526 2353 573 2399 p.
602 2338 707 2385 364
726 2353 796 2399 sq.
828 2336 1006 2386 Paucis
1037 2338 1159 2385 locis
1192 2340 1438 2386 correctus
1470 2340 1545 2386 est
1566 2353 1717 2385 manu
1740 2337 1947 2401 Ignatii·

232 2411 292 2458 de
323 2411 499 2459 Hardt.
555 2411 843 2472 Descriptus
883 2414 958 2459 est
989 2427 1018 2458 a
1049 2411 1274 2472 Reiskia,
1314 2412 1526 2459 collatus
1558 2427 1687 2459 anno
1723 2413 1862 2459 1816
1897 2426 1929 2459 a

230 2484 310 2532 Fr.
343 2484 582 2546 Iacobsio‚
614 2484 826 2546 denique
858 2501 888 2533 a
918 2501 997 2533 me
1026 2486 1150 2547 ipso,

343 2558 420 2606 Ex
452 2559 623 2606 eodem
656 2574 754 2620 quo
793 2559 874 2606 hic
906 2559 1177 2621 exemplari
1205 2559 1349 2606 fluxit

345 2632 391 2680 5.
425 2631 809 2680 Matritensis
840 2633 1036 2680 N-130
1072 2648 1195 2681 saec,
1228 2632 1348 2681 XVI
1378 2633 1462 2681 fol.
1493 2635 1635 2681 120‘1
1683 2632 1810 2680 Vide
1841 2635 1876 2680 t.
1900 2631 1928 2679 I

230 2722 278 2767 p.
305 2707 411 2754 428
431 2721 502 2767 sq.
535 2708 585 2753 et
614 2708 649 2753 t.
675 2706 721 2750 V
750 2722 798 2767 p.
827 2707 947 2754 364.

345 2779 534 2828 Similis
566 2780 771 2842 originis
804 2780 878 2827 est
909 2780 1059 2827 codex

347 2854 394 2900 6.
425 2852 750 2901 Vaticanus
784 2850 1230 2901 Ottobonianus
1262 2870 1332 2917 gr.
1367 2854 1435 2901 46
1485 2869 1606 2902 saec.
1639 2847 1927 2916 XV1sXV11

232 2924 318 2974 fol.
345 2927 429 2974 43.
477 2925 604 2974 Vide
637 2930 672 2974 t.
703 2926 771 2973 VI
801 2943 848 2987 p.
876 2927 905 2972 2
927 2941 996 2988 sq.
