2014 3158
531 113 669 157 FILII
700 114 987 159 ABDICATI
1019 113 1315 158 DEFENSIO
1670 113 1778 166 545

199 256 246 301 4.
277 253 874 303 Wolfenbuttelanus
902 255 1002 303 511
1034 253 1342 303 Gudianus
1366 271 1438 318 gr.
1461 255 1526 301 77
1547 269 1669 302 saec.
1687 253 1780 301 XV

85 327 169 379 fol,
197 329 242 377 3.
290 327 417 376 Vide
449 331 484 376 t.
509 327 535 376 I
565 345 612 390 p.
641 329 706 377 59
727 344 797 391 sq.
856 327 1082 377 Contulit
1112 329 1316 376 Reiskia
1350 329 1402 376 in
1434 343 1579 376 usum
1609 328 1779 376 mariti

86 401 171 464 qui
204 418 314 450 eum
344 402 516 450 littera
559 403 628 450 W
650 403 924 466 insignivit.

199 477 245 524 5.
277 476 720 525 Escurialensis
746 473 945 525 Τ-ΙΙ-9
975 469 1105 542 (145
1139 476 1191 523 in
1216 477 1446 539 catalogo
1471 472 1778 543 Milleriano)

85 565 208 598 saec.
234 550 352 597 XVI
391 550 667 613 descriptus
708 566 766 598 ex
805 550 1021 599 editione
1053 550 1357 598 Ferrariensi
1396 566 1523 612 quae
1553 550 1778 599 Wolfen-

83 623 398 672 buttelanum
428 641 518 686 pro
550 625 871 673 fundamento
903 624 1093 672 habuit.
1141 624 1269 672 Vide
1300 628 1335 672 t.
1359 624 1386 672 I
1416 642 1464 686 p.
1493 627 1576 672 67.

197 699 242 746 6.
275 698 720 747 Laurentianus
745 699 886 747 LVII
912 701 977 747 21
1007 713 1129 746 saec.
1148 693 1381 764 XIVJXV
1405 699 1490 747 fol.
1511 699 1617 747 53'.
1650 697 1776 746 Vide

81 774 117 819 t.
142 772 188 817 V
219 789 266 834 p.
296 773 399 820 158
419 789 489 835 sq.

198 848 242 893 7.
274 846 641 894 Barberinus
665 846 715 894 II
740 849 805 895 41
835 861 964 895 nunc
989 846 1261 895 Vaticanus
1286 846 1433 894 Barb.
1462 849 1568 896 220
1595 841 1689 912 (=
1708 842 1774 912 B)

82 935 205 968 saec.
229 920 322 967 XV
352 921 436 968 fol.
462 922 584 970 406.
642 920 900 970 Oorrectus
932 923 1008 969 est
1037 936 1150 969 raro
1182 937 1334 970 manu
1366 921 1592 969 secunda.
1649 921 1774 969 Vide

80 998 115 1042 t.
146 994 173 1042 I
217 1011 263 1056 p.
299 996 367 1042 24
387 1010 457 1057 sq.
528 995 691 1043 Meum
736 995 788 1042 in
836 1010 984 1043 usum
1032 995 1244 1043 contulit
1289 995 1408 1044 Pius
1455 995 1668 1043 Franchi
1714 995 1773 1043 de

81 1067 365 1117 Gavaleriis.

192 1141 381 1204 Corpus
412 1143 701 1191 mutilatum
732 1143 945 1191 reddunt
977 1143 1189 1192 codices:

192 1218 238 1265 8.
278 1216 591 1266 Parisinus
638 1234 709 1281 gr.
744 1219 885 1267 3019
935 1232 1059 1266 saec.
1091 1212 1324 1282 XIVJXV
1356 1218 1442 1266 fol.
1476 1220 1584 1266 92&
1647 1219 1773 1267 Vide

77 1292 112 1337 t.
136 1290 210 1338 IV
240 1308 287 1353 p.
315 1293 418 1340 306
439 1307 509 1353 sq.
1070 1293 1072 1295 ’

192 1366 237 1414 9.
277 1364 509 1413 Athous
558 1365 772 1414 Iberon
809 1367 912 1414 193
962 1381 1086 1415 saec.
1112 1361 1347 1431 XIVJXV
1386 1366 1470 1414 fol.
1498 1367 1581 1415 59.
1644 1366 1770 1416 Vide

76 1441 112 1486 t.
137 1438 189 1486 Π
218 1455 265 1501 p.
293 1441 397 1487 227
418 1455 489 1502 sq.

191 1511 312 1560 Cum
343 1514 436 1561 hoc
469 1529 666 1575 prorsus
700 1516 1015 1562 consentiunt
1047 1515 1144 1562 duo
1179 1514 1391 1563 codices:

190 1589 274 1639 10.
309 1586 722 1636 Cremonensis
750 1590 928 1638 12228
955 1603 1081 1637 saec.
1105 1588 1197 1635 XV
1221 1589 1304 1637 fol.
1335 1590 1479 1655 100'.
1512 1589 1638 1637 Vide
1662 1591 1697 1637 t.
1720 1589 1772 1638 H

74 1676 121 1723 p.
151 1661 253 1709 186
274 1677 344 1723 sq.

75 1736 126 1782 et

7 1814 9 1816 ’
191 1811 271 1856 11.
298 1809 731 1858 Ambrosianus
756 1810 795 1858 P
817 1813 919 1859 116
940 1826 1044 1872 sup.
1065 1803 1195 1876 (638
1221 1812 1273 1858 in
1299 1811 1527 1875 catalogo
1544 1811 1770 1860 Martinii

77 1885 127 1930 et
157 1877 343 1949 Bassii)
378 1899 502 1932 saec.
527 1884 619 1931 XV
648 1885 733 1933 fol.
764 1885 907 1933 169&
953 1884 1080 1932 Vide
1113 1887 1148 1932 t.
1173 1884 1218 1930 V
1249 1902 1296 1948 p.
1325 1886 1428 1932 223
1448 1901 1519 1947 sq.

189 1960 271 2005 12.
304 1958 636 2006 Vaticanus
675 1958 994 2007 Palatinus
1026 1975 1097 2022 gr.
1129 1959 1233 2007 275
1272 1975 1399 2008 saec.
1423 1959 1516 2007 XV
1547 1959 1630 2008 fol.
1661 1962 1768 2010 71'.

75 2030 200 2078 vide
232 2034 262 2078 t.
293 2031 343 2078 11
375 2049 420 2093 p.
451 2034 553 2079 192
573 2047 645 2094 sq.

186 2105 260 2152 Ex
292 2106 460 2153 eodem
495 2122 592 2167 quo
625 2106 704 2154 hic
735 2106 879 2154 fluxit
910 2107 1180 2169 exemplari

189 2180 270 2226 13.
296 2179 742 2231 Escurialensis
767 2181 982 2229 Σ-Ι-14
1011 2175 1106 2248 (70
1131 2182 1182 2228 in
1208 2181 1436 2244 catalogo
1461 2175 1765 2248 Milleriano)

74 2267 196 2300 saec.
222 2253 313 2300 XV
346 2253 429 2301 fol.
457 2254 539 2302 67.
589 2254 715 2302 Vide
749 2257 782 2302 t.
808 2254 860 2302 II
890 2271 937 2317 p.
967 2258 1069 2303 187
1091 2271 1162 2317 sq.

188 2329 269 2374 14.
303 2327 666 2376 Mutinensis
696 2328 749 2376 H
780 2328 824 2375 D
854 2330 882 2375 7
918 2322 1077 2395 (CVI)
1110 2344 1233 2377 saec.
1261 2329 1352 2376 XV
1382 2329 1467 2377 fol.
1499 2331 1603 2377 71*.
1636 2329 1763 2378 Vide

72 2402 108 2447 t.
133 2400 184 2448 H
214 2417 261 2462 p.
290 2402 356 2448 53
377 2417 446 2463 sq.

184 2475 401 2523 Transeo
434 2475 498 2523 ad
530 2471 841 2538 ‘eclogarios'
875 2478 1027 2537 atque
1058 2476 1242 2538 incipio
1275 2477 1336 2524 ab
1378 2477 1548 2539 ecloga
1578 2478 1631 2524 in
1665 2493 1762 2539 qua

73 2548 487 2596 declamationum
527 2564 705 2611 agmen
744 2549 805 2596 ab
852 2549 945 2597 hac
984 2550 1183 2598 ducitur
1230 2553 1281 2598 et
1327 2551 1478 2599 verba
1516 2548 1761 2614 Σκέμμα

72 2617 98 2669 ὃ
133 2622 525 2684 Πομπηιανὸς
556 2620 898 2687 προῦβαλεν
929 2625 1080 2672 titulo
1112 2626 1385 2686 praemissa
1417 2627 1543 2672 sunt.

187 2697 268 2743 15.
309 2695 754 2744 Laurentianus
800 2696 941 2744 LVII
974 2699 1042 2745 44
1085 2692 1179 2763 (=
1204 2692 1300 2763 La)
1349 2713 1472 2746 saec.
1504 2698 1547 2748 X
1594 2698 1678 2745 fol.
1715 2701 1759 2748 1.

72 2766 330 2818 Correctus
362 2772 438 2818 est
462 2772 698 2832 quattuor
722 2770 950 2819 manibus
975 2765 1045 2838 (p,
1067 2773 1103 2833 f,
1128 2787 1175 2824 n,
1202 2765 1268 2836 q).
1316 2771 1512 2819 Folium
1541 2773 1593 2819 11
1615 2772 1759 2819 valde

70 2841 309 2890 detritum
342 2846 428 2892 est.
477 2844 601 2891 Vide
634 2846 668 2891 t.
693 2844 719 2891 I
750 2861 795 2906 p.
825 2846 930 2892 224
948 2860 1019 2906 sq.
1072 2844 1284 2893 Contuli.

182 2916 257 2962 Ex
286 2916 378 2964 hoc
410 2917 683 2979 descriptus
715 2921 790 2966 est

159 3005 354 3037 anffrus
370 3006 428 3038 ed.
442 3007 678 3038 Fosi-ster.
695 3008 780 3039 VII,
1347 3003 1402 3042 35
