2044 3168
221 110 325 162 158
805 98 1100 155 GREGORH'
1126 109 1326 156 OYPRH

217 244 410 314 φέρειν
450 245 588 298 ὥστε
636 261 696 298 σε
746 244 836 298 καὶ
884 242 1052 309 αὖθις
1098 253 1572 316 συναριθμεῖσθαι
1618 256 1734 311 τοῖς
1782 250 1910 312 ζῶσι

214 334 318 387 κάν
349 340 423 406 τῷ
456 336 561 406 βίω
592 344 953 402 περινοστεῖν.
994 335 1085 388 καὶ
1122 345 1467 405 περινοστεῖς
1507 336 1565 388 ἐκ
1603 337 1805 389 τούτου
1846 331 1908 389 εὖ

213 420 355 491 ἔχων
408 424 497 476 καὶ
550 422 858 493 ἐρρωμένος
910 423 1059 487 ὑψοῦ
1112 431 1212 477 τοῦ
1275 425 1545 477 κινδύνου
1598 426 1907 493 γενόμενος.

214 511 300 564 34.
342 514 411 564 σὺ
452 510 500 563 δ’
550 511 671 565 ἀντὶ
711 513 924 564 τούτων
968 512 1192 566 πάντων
1232 512 1364 566 δέον
1409 514 1542 582 μετὰ
1588 520 1682 582 τῆς
1726 520 1906 582 ψυχῆς

167 623 187 656 5
212 600 430 668 ἀγαπᾶν
501 603 848 670 χαλεπαίνεις
910 601 1029 670 ἐμοὶ
1081 602 1173 655 καὶ
1228 601 1440 671 βαρέως
1495 602 1770 655 διάκεισαι
1832 601 1904 665 ὡς

212 688 331 742 οὐδ’
372 690 442 742 ἂν
472 691 612 757 πρός
646 709 769 742 τινα
802 698 913 743 τῶν
943 689 1177 760 ἐχθρῶν.
1218 689 1309 743 καὶ
1349 690 1450 744 οὐκ
1489 692 1559 743 ἄν
1590 710 1683 758 μοι
1724 691 1905 753 δοκεῖς

210 778 444 848 ὀργίλως
506 778 650 831 οὕτω
704 775 836 831 ποτε
890 780 1017 832 οὔτε
1069 781 1309 851 πολεμίῳ
1366 779 1714 850 προσβλέψαι
1775 779 1902 832 οὔτε

212 869 493 936 Γοργόνος
525 869 667 920 ἰδεῖν
698 868 945 935 κεφαλὴν
977 867 1174 936 ἀηδῶς,
1213 869 1285 931 ὡς
1316 876 1423 921 νῦν
1463 869 1594 939 ὁρᾷς
1629 869 1764 937 πρὸς
1803 869 1903 921 τὸν

210 959 478 1025 φίλτατον
517 957 607 1009 καὶ
651 956 735 1010 ὅτι
774 958 846 1025 μὴ
894 962 1105 1010 θᾶττον
1149 958 1364 1028 μακράν
1403 972 1506 1010 σου
1545 958 1635 1010 καὶ
1674 965 1768 1025 τῆς
1806 958 1902 1009 πό-

142 1069 184 1101 10
209 1050 344 1108 λεως
406 1047 655 1115 γίνομαι,
725 1044 1010 1115 ἀφόρητον
1081 1046 1184 1117 ἡγῇ
1246 1047 1337 1099 καὶ
1397 1046 1651 1099 θανάτου
1712 1053 1900 1116 μακρῷ

206 1136 601 1203 χαλεπώτερον.
647 1136 825 1187 καίτοι
863 1133 972 1187 τότ’
1019 1133 1186 1204 ἐχρῆν
1226 1135 1512 1188 δεικνύναι
1554 1136 1760 1203 ταύτην
1799 1135 1900 1203 τὴν

209 1224 518 1292 ἰταμότητα,
549 1223 640 1276 καὶ
671 1218 742 1290 ἦν
770 1221 998 1295 ἂνζκατά
1030 1226 1198 1291 λόγον
1228 1226 1537 1292 προβαῖνον
1566 1224 1628 1276 τὸ
1661 1231 1898 1294 πρᾶγμα.

205 1315 359 1365 πότε
408 1313 469 1365 δὲ
517 1311 714 1382 λέγεις;
763 1312 851 1365 ὅτε
891 1313 940 1365 εἰ
978 1316 1047 1366 σὺ
1088 1309 1189 1378 μὲν
1234 1309 1487 1380 ἕκαμνες,
1534 1311 1640 1381 ἐγὼ
1689 1310 1749 1365 δὲ
1796 1312 1899 1366 οὐκ

205 1400 643 1471 ἑπεστρεφόμην,
690 1400 1066 1469 ἐκινδύνευες,
1106 1400 1212 1469 ἐγὼ
1253 1399 1302 1454 δ’
1350 1400 1672 1470 ἐλογιζόμην
1723 1401 1899 1455 ὁπόσα

136 1513 178 1546 15
202 1510 298 1559 μοι
337 1490 530 1543 αὐτίκα
567 1488 730 1557 μάλα
750 1493 1191 1555 καταλελείψεται
1229 1493 1499 1561 χρήματα,
1546 1490 1709 1558 ἐγγὺς
1746 1486 1897 1558 ἦσθα

202 1579 479 1647 θανάτου,
528 1579 633 1648 ἐγὼ
682 1577 743 1632 δὲ
790 1580 1172 1649 ἀφροντίστως
1217 1579 1552 1650 παρέτρεχον
1594 1577 1762 1632 οὐδὲν
1802 1579 1894 1632 οὐ-

203 1669 387 1735 δαμῶς
439 1675 536 1736 τῆς
590 1667 951 1737 ὀφειλομένης
1002 1669 1221 1731 εὐνοίας
1273 1668 1527 1738 παρέχων
1579 1670 1894 1737 τεκμήριον·

201 1764 309 1810 νῦν
349 1755 409 1810 δὲ
449 1757 721 1825 οὐδαμῶς,
773 1762 924 1826 εἴπερ
965 1753 1120 1820 οἶδας
1159 1758 1478 1828 εὐεργεσίαν
1523 1759 1613 1810 καὶ
1659 1775 1893 1826 κακουρ-

201 1848 330 1914 γίαν
368 1845 587 1899 τιθέναι
627 1846 791 1916 χωρὶς
829 1845 919 1899 καὶ
960 1846 1224 1900 τάναντία
1261 1848 1334 1915 μὴ
1374 1845 1556 1914 λέγειν
1586 1844 1725 1899 εἶναι
1765 1865 1893 1898 ταυ-

133 1958 177 1990 20
200 1938 321 2003 τόν,
369 1935 627 2004 ἀμέλειαν
673 1933 764 1987 καὶ
812 1937 1088 2004 σπουδήν,
1134 1937 1538 2006 περιφρόνησιν
1584 1933 1674 1986 καὶ
1720 1954 1892 2002 φρον-

199 2025 339 2092 τίδα,
377 2023 469 2076 καὶ
510 2024 649 2087 ὅλως
689 2029 865 2078 εἰπεῖν
901 2027 1099 2078 κακίαν
1130 2023 1219 2077 καὶ
1253 2024 1468 2094 ἀρετήν,
1507 2022 1623 2076 ἀλλ’
1663 2023 1769 2076 ἀνὰ
1799 2021 1891 2091 μέ-

199 2132 295 2181 ρος
332 2113 432 2166 τὸν
470 2112 618 2166 ἰ’διον
658 2112 950 2182 ἀπονέμεις
989 2112 1194 2184 ἑκάστω
1240 2115 1432 2182 λόγον,
1480 2112 1660 2177 ὥσπερ
1710 2113 1888 2179 δήπου

196 2202 287 2253 καὶ
347 2201 554 2263 πάντας
615 2200 949 2270 ἀνθρώπους
1013 2195 1095 2264 οἷς
1155 2200 1245 2254 καὶ
1309 2202 1620 2255 ὁποσονοῦν
1672 2200 1888 2268 μέτεστι

198 2291 417 2358 γνώμης
471 2290 645 2359 ὀρθῆς
698 2290 858 2357 ἴσμεν
914 2298 1214 2352 ποιοῦντας
1274 2291 1399 2359 περὶ
1459 2299 1571 2342 τῶν
1630 2292 1888 2342 πλεῖστον

129 2399 172 2432 25
196 2379 561 2446 διεστηκότων
601 2377 855 2447 ἀλλήλων
884 2378 1219 2446 πραγμάτων
1249 2383 1507 2432 πλεῖστον
1542 2378 1887 2445 διεστηκυίας

195 2465 286 2519 καὶ
326 2451 421 2528 τὰς
459 2468 680 2533 γνώμας
719 2467 922 2528 αὐτοὺς
962 2465 1202 2535 ἔχοντας.

307 2554 392 2608 35.
447 2549 566 2607 Εἶτ’
629 2554 768 2623 ε’ρεῖς
823 2551 990 2617 αὖθις
1051 2557 1124 2618 ὡς
1179 2558 1257 2618 εἰς
1313 2557 1559 2626 χρήματα
1619 2553 1883 2623 ἐζημίωκα

193 2644 284 2696 καὶ
338 2644 537 2712 μικρὸν
591 2642 651 2695 ἐκ
704 2642 946 2710 μεγάλου
999 2644 1098 2696 τὸν
1145 2645 1246 2697 σὸν
1299 2648 1543 2697 πλοῦτον
1587 2645 1878 2710 πεποίηκας

194 2729 311 2784 ἀλλ’
368 2731 636 2799 ἐρήσομαί
687 2745 772 2798 σε,
831 2729 922 2783 καὶ
986 2732 1131 2794 ὅπως
1185 2752 1278 2800 μοι
1332 2733 1404 2801 μὴ
1466 2730 1556 2784 καὶ
1620 2733 1882 2800 δεύτερον

312 2837 337 2874 2
370 2833 459 2875 κάν
491 2831 656 2887 scripsi
716 2831 797 2875 καὶ
822 2832 920 2876 LV
1036 2837 1059 2874 7
1093 2830 1238 2884 οὕτως
1271 2834 1314 2876 V
1445 2837 1498 2875 10
1529 2839 1698 2887 πικροῦ
1722 2834 1766 2876 L
1799 2832 1882 2875 sed

192 2908 246 2946 γρ
279 2898 439 2946 μακρῶ
470 2891 520 2933 in
543 2904 679 2946 marg
708 2890 780 2934 m²
916 2895 969 2934 11
1001 2889 1222 2948 τότεχρῆν
1247 2893 1291 2935 L
1430 2895 1484 2934 13
1518 2890 1592 2935 ὅτε
1617 2905 1691 2935 om
1726 2892 1770 2935 V

192 2955 245 2992 21
279 2949 510 3006 ἀναμέρος
543 2951 587 2994 V
701 2954 754 2992 27
790 2948 1017 3006 ἐζημίωκα
1050 2950 1212 3006 scripsi
1273 2948 1499 3007 ἐζημίωσα
1521 2951 1622 2995 LV
