2020 3146
194 108 301 160 124
585 108 854 166 [LIBANII]
885 105 1278 151 DECLAMATIO
1310 107 1503 151 XXXIV

189 264 379 313 γυριν,
421 243 558 296 ἀλλὰ
596 246 838 312 πόλεμον
879 241 1261 312 ἐνομοθέτησε.
1315 246 1380 295 τί
1424 250 1649 311 ταῦτα,
1691 240 1733 296 ὦ
1772 244 1883 310 μά-

189 352 355 402 ταιε,
403 333 519 386 οὐκ
567 326 751 395 οἶδας
798 333 878 395 ὡς
926 334 1167 399 σεμνὸν
1207 331 1236 385 ὁ
1277 332 1502 400 γάμος;
1550 333 1628 385 σὺ
1668 328 1716 384 δ’
1763 332 1882 385 οὐκ

190 423 283 484 εἰς
321 423 710 491 μυστήριον,
750 419 882 474 ἀλλ’
930 419 1349 490 εῑςθέατρον
1387 421 1500 474 τὸν
1543 419 1883 490 Ὑμέναιον

187 511 439 578 ἤγαγες.
480 510 596 564 οὐκ
627 506 699 579 ἧς
730 511 848 578 ἄρα
883 508 1248 578 νομοθέτης
1280 507 1557 579 ἔμφρων.
1606 507 1882 563 ἔκδοτον

143 599 308 668 ὁγὰρ
365 597 615 668 ἀφῆκας
666 598 783 666 τὴν
835 600 1039 668 κόρην
1099 606 1237 660 τοῖς
1280 597 1727 666 ,βουλομένοις
1788 599 1881 661 εἰς

185 687 375 756 θέαν,
422 687 501 756 ἣν
538 694 622 759 τςό
669 690 1063 756 γεγαμηκότι
1102 688 1308 756 μόνον
1358 686 1517 755 ὁρᾶν
1557 683 1635 756 ἦν
1672 686 1881 757 θέμις.

187 775 340 830 νυνὶ
388 773 458 829 δὲ
503 774 658 845 πρὶν
703 775 736 844 ἦ
783 776 1138 843 πλησιάσαι
1192 782 1274 847 τῷ
1325 778 1595 845 λαχόντι
1647 777 1878 830 πολλοὶ

186 866 432 933 ταύτην
477 865 1034 935 περιεργάζονται.
1099 864 1234 917 ἀλλ’
1279 865 1454 917 οὔπω
1502 872 1695 918 τοῦτο
1749 866 1880 919 δει-

188 957 329 1023 νόν,
363 953 517 1008 νυνὶ
550 953 642 1021 δέ,
683 955 737 1006 εἰ
769 954 849 1023 μὴ
881 954 1090 1007 πάντα
1121 959 1205 1026 τῷ
1237 961 1556 1021 γαμοῦντι
1590 955 1880 1023 διαφθα-

121 1065 164 1098 1ο
188 1045 480 1114 ρήσεται,
521 1042 638 1096 οὐκ
677 1040 858 1096 ἔσται
897 1044 1196 1112 νυμφίος.

302 1132 385 1185 14.
429 1133 564 1185 Τότε
603 1129 705 1200 μὲν
744 1128 847 1185 οὖν
886 1131 1307 1200 ἀπηλλαττόμην
1353 1132 1531 1185 πολλὰ
1571 1143 1686 1196 τοῖς
1724 1138 1891 1195 θεοῖς’

187 1219 503 1290 εὐξάμενος,
559 1220 675 1275 ἐπεὶ
730 1221 792 1274 δὲ
844 1219 936 1273 καὶ
987 1220 1016 1274 ὁ
1072 1221 1393 1290 φιλοπάτωρ
1448 1215 1611 1283 οὗτος
1664 1220 1880 1289 ἐγένετο

186 1319 331 1380 παῖς,
370 1311 443 1373 ὡς
481 1310 602 1362 εἴθε
640 1328 863 1378 μηποτε,
901 1309 1229 1362 ὑπεκθεῖναι
1267 1317 1469 1362 τοῦτον
1507 1310 1683 1372 εὐθὺς
1720 1308 1880 1378 ἐβου-

186 1401 362 1469 λόμην
401 1397 614 1452 ἐννοῶν
652 1400 714 1452 τὸ
756 1399 1079 1466 δαπανηρὸν
1116 1408 1229 1451 τῶν
1265 1400 1443 1451 τόκων
1480 1397 1572 1451 καὶ
1610 1399 1712 1467 τὴν
1750 1398 1882 1452 ἀνα-

119 1509 162 1542 15
186 1489 401 1558 τροφὴν
434 1486 865 1556 ἐνθυμούμενος.
907 1489 985 1540 ἔτι
1017 1488 1122 1557 γαρ
1155 1495 1250 1557 τῆς
1280 1488 1542 1557 γυναικὸς
1574 1488 1883 1557 ὠδινούσης

187 1575 278 1629 καὶ
341 1578 493 1630 οὔπω
556 1577 820 1645 τεκούσης
882 1575 1211 1644 ὁλόκληρον,
1281 1575 1398 1629 ἀλλ’
1467 1574 1547 1628 ἔτι
1607 1578 1879 1631 κινδύνου

186 1665 651 1734 προσδοκωμένου
692 1661 969 1736 συνῄεσαν
1007 1665 1109 1734 μὲν
1142 1667 1494 1734 πανταχόθεν
1526 1666 1584 1717 οἱ
1618 1672 1692 1737 τῷ
1732 1664 1880 1733 γένει

185 1756 571 1825 προσήκοντες,
611 1753 808 1823 ἑορτὴν
848 1751 909 1806 δὲ
947 1755 1046 1806 τὸν
1084 1756 1250 1807 τόκον
1290 1753 1502 1816 ἑαυτοῖς
1547 1753 1878 1822 ἐψηφίζοντο

96 1848 218 1893 RIV
235 1852 319 1893 659
366 1841 457 1896 καὶ
495 1845 679 1895 πίνειν
718 1844 829 1895 ἔδει
867 1840 959 1895 καὶ
994 1843 1000 1911 Ι
1035 1851 1269 1912 τρυφᾶν.
1319 1841 1410 1895 καὶ
1451 1842 1517 1895 οὐ
1557 1842 1715 1911 μέχρι
1754 1844 1878 1895 τού-

119 1954 163 1986 20
185 1952 297 1985 των
342 1928 436 2001 ἦν,
483 1930 600 1984 ἀλλ’
645 1932 751 2000 ἤδη
797 1931 889 1984 καὶ
933 1932 1001 1984 τὰ
1045 1941 1157 1984 τῶν
1211 1933 1478 1999 γειτόνων
1525 1934 1879 2000 πανταχόθεν

307 2097 330 2136 1
375 2091 715 2149 ἐνομοθέτησεν
741 2092 861 2138 GrH
886 2091 978 2135 edd
1121 2096 1146 2134 2
1192 2092 1247 2135 σὺ
1273 2117 1327 2123 ——
1353 2095 1381 2134 4
1412 2090 1584 2165 ἤγαγες
1622 2091 1683 2134 ad
1720 2105 1878 2136 versus

187 2151 455 2196 comoediae
486 2151 672 2195 Atticae
704 2151 760 2196 οὐ
792 2150 880 2207 γὰρ
917 2150 983 2202 εἰς
1015 2150 1265 2206 μυστήριον
1292 2151 1299 2207 Ι
1326 2147 1427 2194 ἀλλ’
1463 2150 1529 2201 εἰς
1558 2148 1766 2206 θέατρον
1798 2151 1878 2194 τὸν

186 2210 411 2267 ὑμέναιον
436 2210 603 2268 ἤγαγες
624 2209 876 2255 revocabah
892 2209 1097 2254 Kockius
1117 2209 1356 2254 00111.Α1313.
1375 2209 1511 2252 fr.111
1529 2213 1614 2253 673
1736 2214 1762 2253 3
1786 2208 1878 2253 θα-

187 2287 329 2314 νατον
363 2271 433 2314 Va
552 2275 580 2313 4
610 2264 670 2326 ἦν
694 2271 740 2315 Β
773 2268 830 2314 cf.
863 2271 896 2313 13.
922 2269 987 2312 VI
1010 2273 1110 2324 259,
1130 2273 1156 2312 8
1279 2274 1304 2312 5
1340 2275 1437 2319 τοῖς
1466 2268 1551 2325 τὴν
1582 2267 1728 2342 κόρην
1762 2270 1831 2313 Va
1866 2267 1872 2328 Ι

187 2326 484 2388 βουλομένοις
522 2342 596 2372 0111
637 2330 707 2374 Va
850 2333 875 2372 6
915 2325 1040 2384 μόνω
1073 2328 1175 2384 (sed
1206 2345 1240 2372 ω
1274 2342 1329 2371 ex
1360 2344 1415 2371 ον
1449 2328 1564 2383 corr)
1596 2322 1653 2382 ἦν
1685 2326 1879 2384 θέμέμις

186 2387 304 2443 ὁρᾶν
329 2389 373 2432 Β
498 2393 521 2431 7
554 2388 696 2444 πρινὴ
723 2389 791 2432 Va
912 2391 937 2430 9
969 2394 1057 2431 νῦν
1080 2388 1126 2430 Β
1250 2391 1303 2430 10
1337 2386 1462 2430 ἔσται
1482 2387 1671 2443 reposui
1695 2400 1719 2429 e
1743 2386 1876 2430 libris

247 2446 339 2492 ἔστι
371 2447 462 2490 edd
495 2447 577 2490 sed
607 2464 661 2503 γρ
696 2446 822 2491 ἔσται
853 2446 901 2489 111
933 2461 1066 2504 marg
1089 2446 1191 2490 Mor
1313 2450 1367 2489 12
1400 2445 1579 2489 ἐπεὶ-
1607 2450 1661 2488 13
1695 2443 1876 2503 ἐβουλό-

185 2523 275 2562 μην
307 2505 576 2562 praemissis
608 2505 760 2549 verbis
792 2506 1072 2549 ὑπεκθεῖναι
1113 2505 1190 2549 ἐπὶ
1228 2502 1407 2565 κρυφίᾳ
1448 2501 1576 2562 ρίψει
1606 2504 1778 2554 παιδὸς
1808 2502 1877 2549 λέ-

186 2580 326 2621 γεται.
375 2564 600 2622 Λιβάνιος
650 2565 767 2608 citat
812 2564 954 2607 Andr.
1000 2565 1174 2620 Lopad.
1221 2563 1297 2607 lex
1341 2549 1480 2607 V‘ind.
1519 2578 1565 2619 p.
1602 2567 1706 2617 180,
1733 2567 1760 2606 8
1803 2564 1873 2607 ed.

186 2624 353 2667 Nauck
402 2626 408 2678 Ι
458 2623 619 2679 ἐπειδὴ
646 2624 761 2668 GrH
790 2623 949 2679 Lopad
998 2624 1004 2679 Ι
1055 2623 1106 2667 δὲ
1139 2637 1214 2666 om
1246 2623 1343 2680 Lop
1348 2623 1408 2665 ad.
1450 2624 1456 2678 Ι
1502 2623 1578 2666 καὶ
1612 2636 1687 2666 om
1712 2624 1757 2666 Β

189 2687 242 2726 13
276 2680 367 2739 ἤθε
393 2683 469 2727 La
495 2683 501 2738 Ι
529 2683 804 2739 ὑπαχθῆναι
829 2683 888 2726 H
892 2683 961 2740 V!
991 2680 1245 2740 ἐβουλόμην
1277 2681 1441 2737 scripsi
1465 2694 1490 2725 e
1516 2681 1757 2726 CrHVVa
1787 2681 1874 2724 Lo-

185 2742 281 2797 pad
341 2739 605 2799 ἠβουλόμην
631 2741 813 2785 MLaB
847 2741 938 2784 edd
1060 2745 1115 2783 14
1146 2756 1194 2785 τε
1227 2743 1336 2784 ante
1366 2740 1418 2784 τὸ
1451 2741 1490 2783 V
1517 2742 1521 2796 Ι
1550 2755 1661 2783 num
1691 2747 1773 2784 τοῦ
1800 2737 1875 2784 τό·

186 2805 302 2844 uov?
326 2801 382 2844 cf.
408 2800 439 2844 1.
459 2805 512 2844 18
532 2802 579 2844 et
601 2815 645 2856 p.
667 2804 764 2854 125,
775 2806 803 2843 4
831 2802 837 2855 Ι
864 2799 1101 2843 τέκνωνΒ
1225 2804 1278 2843 15
1303 2805 1385 2855 τῆς
1427 2800 1507 2842 καὶ
1531 2801 1598 2843 Va
1720 2803 1773 2842 17
1801 2812 1874 2841 συ-

187 2859 359 2917 νῄεσαν
393 2859 557 2915 scripsi
590 2861 780 2903 auctore
802 2859 871 2902 Re
933 2865 1138 2916 συνῇσαν
1172 2858 1315 2902 Cobet
1395 2858 1462 2901 isc
1490 2862 1573 2901 155
1606 2857 1706 2902 Coll
1731 2862 1815 2901 299

187 2924 391 2974 συνῆσαν
414 2917 525 2961 libri
550 2918 641 2961 edd
762 2922 819 2961 20
847 2917 1063 2974 „fortasse
1088 2918 1218 2974 ἔστη“
1246 2916 1410 2961 Iacobs
1427 2917 1540 2960 Lech
1565 2915 1655 2961 coll
1671 2931 1716 2972 p.
1737 2921 1834 2970 134,
1847 2920 1872 2959 9
