2014 3158
621 160 795 205 CAECI
825 161 963 205 FILII
994 161 1296 206 APOLOGIA
1698 162 1805 216 645

131 312 133 314 ’
229 302 492 351 Rationem
532 317 648 350 vero
693 318 819 364 quae
866 302 998 350 inter
1043 302 1262 366 singulos
1311 303 1502 352 codices
1547 303 1810 352 intercedit

118 377 212 425 hoc
241 376 333 425 tibi
364 376 538 425 reddet
568 378 777 424 stemma

22 1168 25 1169 ⁷
117 1146 313 1196 Athous
335 1143 811 1207 interpolationibus
836 1159 934 1192 non
959 1158 1160 1206 prorsus
1184 1143 1311 1191 liber
1333 1147 1421 1206 est,
1446 1149 1503 1195 ut
1526 1165 1572 1210 p.
1600 1150 1721 1211 691,
1743 1152 1808 1197 12

119 1218 329 1270 λέλεκται
367 1235 458 1283 pro
499 1216 777 1281 δεδήλωται.
833 1217 1038 1266 Praeter
1083 1218 1171 1266 hos
1217 1234 1360 1280 quem
1402 1222 1588 1270 contuli
1629 1223 1811 1272 codicis

117 1294 333 1344 Parisini
359 1294 563 1359 'gr„854
590 1285 741 1359 (Par)
765 1292 1000 1340 lectiones
1031 1293 1084 1340 in
1117 1295 1416 1354 apparatum
1440 1295 1667 1344 criticum
1690 1299 1809 1346 reci·
1884 1295 1888 1298 ’

116 1385 232 1432 pere
271 1385 372 1418 non
412 1385 437 1415 e
475 1383 528 1415 re
567 1366 729 1415 visum
761 1368 848 1415 est.
911 1367 1043 1414 Nam
1088 1369 1439 1429 praeterquam
1480 1371 1612 1432 quod
1656 1387 1811 1434 aeque

117 1446 268 1506 atque
310 1444 370 1492 Va?
417 1459 442 1490 e
487 1458 662 1506 genere
710 1440 932 1489 codicum
978 1443 1245 1489 mixtorum
1294 1445 1390 1504 est,
1438 1460 1564 1505 quae
1609 1446 1812 1508 propria

117 1518 269 1566 habet
299 1519 400 1565 fere
432 1516 558 1564 nihil
581 1515 678 1563 nisi
708 1516 1052 1579 neglegentiae
1085 1516 1164 1564 vel
1196 1517 1493 1566 temeritatis
1524 1521 1812 1568 testimonia

118 1595 249 1653 sunt,
278 1592 416 1640 velut
438 1607 485 1653 p.
506 1590 627 1651 648,
648 1591 713 1637 16
749 1588 1067 1637 διδασκαλίαν
1097 1606 1188 1652 pro
1214 1589 1496 1654 δυσκολίαν,
1526 1610 1572 1655 p.
1601 1596 1722 1655 649,
1743 1595 1807 1642 16

119 1664 208 1729 τὴν
247 1663 425 1729 ἀρετὴν
463 1681 553 1728 pro
596 1662 650 1712 τὸ
691 1661 866 1725 σαφές,
913 1680 959 1726 p.
995 1665 1114 1722 689,
1138 1667 1204 1714 10
1251 1666 1675 1726 κατασκευάζουσα
1722 1685 1810 1731 pro

118 1739 477 1799 σπουδάζουσα,
506 1755 553 1801 p.
582 1739 703 1799 658,
724 1738 789 1786 18
824 1735 1025 1803 ἀγαθὴν
1054 1755 1145 1801 pro
1178 1738 1368 1802 ἱκανὴν.

229 1814 287 1862 In
319 1815 604 1862 universum
637 1812 837 1875 quidem
869 1812 1021 1860 etiam
1059 1813 1139 1861 hic
1170 1814 1350 1875 prioris
1390 1815 1611 1864 familiae
1649 1818 1702 1864 in
1735 1833 1810 1865 ar-

119 1889 330 1951 chetypo
361 1887 607 1937 reddendo
638 1887 759 1935 fides
791 1886 952 1934 maior
981 1887 1080 1935 fuit
1110 1903 1262 1950 quam
1295 1889 1513 1938 alterius.

229 1963 448 2011 Numero
503 1962 724 2010 codicum
785 1961 1052 2024 respondet
1105 1963 1248 2023 copia
1307 1963 1809 2014 testimoniorum.

116 2037 372 2085 Ioannes
405 2036 536 2085 enim
569 2036 906 2098 Doxapatri
936 2036 988 2083 in
1012 2037 1365 2086 commentario
1399 2038 1461 2086 ad
1485 2038 1810 2103 Hermogenis

117 2108 228 2178 περὶ
251 2108 487 2177 εὑρέσεων
519 2110 741 2158 libellum
767 2111 1060 2172 conscriptO,
1093 2127 1242 2173 quem
1267 2127 1292 2158 e
1316 2111 1482 2161 codice
1507 2113 1809 2162 Barocciano

119 2201 190 2249 gr.
221 2187 322 2234 175
356 2184 595 2246 descripsi
626 2187 675 2231 et
700 2200 810 2233 cum
836 2187 1013 2247 ectypo
1044 2185 1439 2250 photographico
1463 2188 1646 2236 codicis
1669 2188 1809 2236 Vati-

119 2260 231 2307 cani
263 2276 335 2323 gr.
362 2260 503 2307 2228
530 2275 560 2307 a
583 2259 743 2307 Rabio
775 2258 898 2306 mihi
922 2259 1072 2308 misso
1097 2261 1286 2307 contuli
1298 2253 1354 2326 ¹),
1387 2277 1504 2310 usus
1535 2262 1620 2310 ille
1644 2262 1810 2311 codice

119 2334 298 2395 prioris
314 2332 534 2381 familiae
551 2335 748 2394 praeter
767 2333 970 2380 titulum
990 2333 1113 2382 duos
1136 2334 1270 2382 locos
1286 2334 1526 2397 laudavit,
1544 2336 1809 2385 Andreas

119 2407 457 2469 Lopadiota
497 2411 669 2455 auctor
706 2407 886 2455 lexici
918 2404 1471 2470 vindobonensis-2),
1504 2410 1592 2472 qui
1623 2411 1809 2472 etipse

119 2481 284 2530 codice
315 2481 495 2544 prioris
526 2481 747 2529 familiae
771 2482 1026 2530 simillimo
1051 2481 1233 2530 codicis
1267 2483 1326 2531 Va·
1358 2499 1474 2531 usus
1500 2486 1596 2543 est,
1619 2500 1809 2542 novem,

121 2558 295 2604 auctor
324 2554 626 2618 florilegii
659 2549 1107 2622 Neapolitani3)
1140 2555 1277 2617 duos,
1310 2557 1560 2606 Thomas
1593 2558 1807 2622 Magis-

119 2631 211 2678 ter
241 2646 409 2677 unum.

231 2702 542 2751 Declamatio
580 2704 634 2749 in
672 2703 831 2751 lucem
869 2706 1125 2765 protracta
1164 2707 1238 2751 est
1278 2720 1406 2752 anno
1443 2706 1582 2753 1606
1618 2722 1646 2752 a
1678 2705 1794 2754 Fed

242 2861 285 2915 1)
318 2858 384 2903 Cf.
418 2873 559 2915 supra
589 2873 634 2915 p.
661 2862 761 2902 478.

145 2963 151 2973 x
241 2920 286 2975 2)
318 2917 384 2962 Cf.
417 2919 450 2961 t.
476 2918 497 2960 I
527 2933 571 2974 p.
599 2922 698 2962 238.

242 2980 285 3033 3)
317 2976 385 3021 cf.
417 2979 451 3020 t.
475 2976 516 3019 V
546 2992 591 3033 p.
619 2981 704 3021 368
721 2991 788 3032 sq.
