2020 3146
214 118 286 171 80
622 116 852 161 LIBANII
882 115 1274 160 DECLAMATIO
1306 115 1497 160 XXXIII

215 251 507 324 διέφθειρε
545 254 648 320 τὴν
685 252 862 322 χάριν.
910 253 958 304 2.
999 250 1116 305 ἐπεὶ
1156 248 1260 305 οὗν
1299 253 1615 323 σοφώτερός
1653 251 1766 306 ἐστι
1806 260 1907 306 τοῦ

214 343 420 410 πατρὸς
457 340 550 394 καὶ
589 341 656 395 ὃν
692 339 795 408 μὲν
826 340 932 409 ἐγὼ
965 350 1100 408 τιμῶ
1134 344 1278 410 βίον,
1317 342 1519 394 τούτου
1550 340 1910 410 κατέγνωκεν,

217 431 380 494 αὐτὸς
427 428 488 484 δὲ
533 430 723 500 ἕτερον
776 429 999 499 ἐξεῦρεν
1053 428 1255 502 ἑαυτῷ,
1310 432 1528 498 ζητείτω
1583 429 1673 483 καὶ
1728 431 1910 483 οἰκίαν

217 517 421 589 ἑτέραν.
461 519 528 573 οὐ
567 520 671 588 γὰρ
713 513 818 573 οἷδ’
866 520 1011 582 ὅπως
1059 519 1328 572 δύνανται
1376 528 1659 572 συνοικεῖν
1707 519 1910 588 χρημά-

175 630 195 662 5
219 629 331 662 των
370 606 713 677 ἐπιθυμητὴς
750 607 842 661 καὶ
881 616 1043 676 κενῆς
1083 607 1245 676 δόξης
1275 607 1517 677 ἐραστής.
1557 608 1606 660 3.
1645 609 1908 675 θαυμάζω

216 695 317 764 μὲν
363 693 468 751 οὖν
516 697 662 760 ὅπως
707 697 774 750 οὐ
829 695 920 749 καὶ
975 704 1082 750 νῦν
1137 694 1585 766 ἐστεφανωμένος
1639 699 1717 760 εἰς
1769 697 1912 767 ὑμᾶς

217 787 456 855 εἰσῆλθε.
518 793 789 839 τοσοῦτον
835 784 924 839 ἐπὶ
971 792 1048 858 τῷ
1095 789 1287 857 θαλλῷ
1342 796 1545 854 φρονεῖ
1594 786 1684 841 καὶ
1740 785 1910 839 οἴεται

216 877 313 928 τόν
366 894 424 927 τε
479 876 611 928 ὄντα
666 874 756 927 καὶ
810 875 910 927 τὸν
962 873 1230 944 ἐσόμενον
1275 876 1493 944 ’χρυσὸν
1546 871 1715 927 οὐδὲν
1769 871 1911 928 εἶναι

118 1019 122 1027 ,
215 965 353 1034 πρὸς
397 965 458 1017 τὸ
505 972 695 1033 κτῆμα.
757 962 848 1017 καὶ
899 965 1005 1034 γὰρ
1054 972 1229 1032 κτῆμα
1276 963 1447 1016 αὐτὸν
1494 963 1523 1017 ὁ
1572 963 1913 1032 ἀναίσθητος

150 1075 193 1107 1⁰
218 1053 483 1122 ὀνομάζει.
539 1053 590 1105 4.
630 1053 735 1121 ἐγὼ
769 1050 817 1105 δ’
859 1055 911 1106 εἰ
938 1049 1040 1120 μὲν
1078 1051 1236 1122 ᾔδειν
1267 1054 1365 1106 τὸν
1396 1053 1568 1105 παῖδα
1605 1055 1911 1121 μεταθησό-

217 1161 389 1211 μενον
441 1144 542 1210 τὴν
597 1142 764 1205 δόξαν
810 1141 842 1210 ἢ
889 1143 1242 1211 μεμφόμενον
1287 1141 1436 1213 αὑτῷ
1483 1150 1577 1210 τῆς
1630 1140 1756 1210 περὶ
1812 1142 1912 1210 τὴν

218 1230 437 1299 αἴτησιν
486 1232 715 1300 μωρίας,
778 1229 899 1284 οὐδ’
961 1230 1104 1283 οὕτω
1160 1227 1261 1299 μὲν
1316 1229 1386 1282 ἂν
1445 1231 1757 1300 ἠνεσχόμην
1809 1232 1911 1298 τὴν

127 1324 247 1369 RIV
264 1329 350 1368 623
401 1317 407 1391 Ι
451 1319 510 1372 ἐκ
549 1328 647 1373 τοῦ
686 1322 1067 1389 παρελθόντος
1106 1321 1310 1390 χρόνου
1349 1322 1560 1387 ζημίαν,
1599 1320 1744 1388 πλὴν
1783 1318 1914 1381 ἴσως

218 1407 288 1461 ἂν
326 1408 515 1479 ὑφῆκά
553 1429 604 1461 τι
643 1416 738 1477 τῆς
777 1409 944 1478 ὀργῆς
982 1407 1132 1476 ὁρῶν
1172 1408 1272 1461 οὐκ
1319 1406 1544 1471 εἰσάπαξ
1593 1407 1913 1461 ἀπολωλότα

151 1519 192 1552 15
217 1518 311 1566 μοι
357 1498 456 1551 τὸν
500 1498 648 1551 υἱόν·
704 1496 820 1551 ἐπεὶ
868 1494 930 1550 δὲ
977 1496 1211 1559 ἀνιάτως
1257 1498 1367 1566 ἔχει
1413 1495 1503 1549 καὶ
1551 1498 1715 1565 δῆλός
1762 1496 1913 1550 ἐστιν

218 1585 465 1655 ἐμμένων
518 1595 635 1649 τοῖς
688 1586 985 1655 ἀδικήμασι
1046 1584 1137 1639 καὶ
1198 1586 1304 1653 πρὸ
1366 1595 1478 1638 τῶν
1540 1587 1911 1655 δικαστηρίων

219 1673 404 1745 ἐπῄνει
443 1678 504 1729 τὸ
546 1675 849 1745 ἁμάρτημα,
888 1676 1133 1747 τοσούτῳ
1172 1677 1384 1744 μᾶλλον
1415 1674 1587 1727 αὐτὸν
1619 1673 1782 1738 ἐξελῶ
1816 1683 1912 1743 τῆς

219 1765 410 1832 οἰκίας,
451 1764 561 1836 ὅσῳ
602 1765 672 1816 ἄν
702 1784 796 1831 μοι
829 1765 1091 1833 φαίνηται
1122 1768 1300 1825 καλῶς
1332 1761 1602 1832 ἐσκέφθαι
1641 1765 1740 1816 τὸν
1771 1761 1910 1830 ὑπὲρ

337 1898 363 1936 3
397 1893 530 1937 Chor.
563 1895 653 1939 iuv.
686 1894 793 1939 fort.
825 1899 850 1948 ξ
875 1899 932 1938 42
966 1894 1082 1938 Mus.
1109 1894 1256 1938 Rhen.
1282 1893 1424 1937 XLIX
1454 1909 1498 1949 p.
1525 1897 1628 1948 494,
1647 1898 1701 1937 10

339 2001 364 2039 5
397 1995 644 2054 προοίμιον
677 1998 895 2052 δεύτερον
927 2000 974 2042 et
1007 1997 1164 2051 ἕτερον
1195 1995 1442 2053 προοίμιον
1484 1996 1605 2040 κατὰ
1635 1996 1687 2041 τὸ
1719 1996 1910 2042 ἀντίθε-

219 2072 301 2101 τον
327 2057 385 2101 C's
537 2062 591 2099 14
633 2057 904 2110 καθάπαξ
945 2058 1026 2101 καὶ
1066 2056 1306 2110 εἰσάπαξ
1350 2057 1455 2100 ἀντὶ
1497 2063 1580 2099 τοῦ
1623 2059 1913 2108 παντελῶς

219 2115 300 2158 καὶ
332 2114 546 2168 ἐνάπαξ
574 2117 631 2161 Cf

339 2223 364 2261 2
398 2220 480 2275 μὲν
511 2220 636 2263 inser
663 2222 755 2265 Mm
805 2220 811 2277 Ι
862 2218 967 2278 βίον
999 2227 1111 2294 τιμῶ
1140 2221 1243 2264 ΜΒ
1387 2224 1412 2262 3
1447 2217 1614 2263 ἑαυτοῦ
1640 2219 1697 2262 H
1701 2218 1781 2262 VC

222 2282 247 2319 6
278 2277 396 2333 πρὸς
419 2279 560 2323 HVO
600 2283 605 2335 Ι
647 2280 768 2335 ἡμᾶς
799 2280 870 2324 Va
993 2284 1014 2322 7
1049 2274 1166 2335 ἦλθε
1191 2279 1317 2324 BVa
1351 2280 1358 2335 Ι
1393 2277 1558 2335 φρόνει
1591 2277 1682 2321 edd
1804 2281 1829 2320 8
1862 2295 1908 2322 τε

220 2336 386 2392 scripsi
418 2351 475 2380 ex
500 2339 886 2383 HVGLaViClB
898 2339 965 2382 Va
998 2338 1089 2381 Par
1121 2342 1234 2381 3017
1280 2352 1387 2382 cum
1419 2335 1725 2381 Boissonadio
1758 2336 1844 2380 An.
1869 2337 1912 2380 11

220 2400 306 2438 200
367 2412 419 2452 γε
445 2397 507 2439 Μ
534 2397 627 2440 edd
659 2398 741 2442 sed
772 2414 826 2455 γρ
858 2413 907 2441 τε
938 2398 988 2440 in
1019 2411 1153 2454 marg
1185 2397 1285 2441 Mor
1415 2402 1440 2440 9
1472 2396 1589 2450 πρὸς
1618 2395 1669 2439 τὸ
1703 2402 1854 2469 κτῆμα
1887 2410 1912 2440 e

218 2452 488 2511 πρόσκτημα
514 2470 616 2499 corr
633 2456 709 2501 Ol*
809 2461 863 2500 10
888 2454 940 2500 δε
955 2457 1030 2501 La
1042 2457 1200 2501 ViOlB
1302 2461 1352 2500 11
1377 2457 1558 2514 „malim
1582 2452 1907 2511 μεμψόμενον“

219 2513 288 2557 Re
320 2515 369 2556 at
400 2515 456 2557 of.
482 2514 597 2558 l.17
631 2515 792 2573 ἐπῄνει
822 2516 873 2559 τὸ
878 2516 1155 2591 ἁμάρτημα
1183 2518 1188 2572 Ι
1217 2516 1341 2574 αὐτῷ
1361 2492 1559 2559 LaVioz
1591 2514 1671 2557 sed
1703 2513 1753 2557 in
1784 2512 1904 2558 hoc’

219 2569 297 2614 in
331 2586 431 2615 corr
454 2573 539 2627 ιη’,
565 2575 635 2617 Va
757 2579 809 2617 12
843 2571 928 2619 οὖν
954 2574 1214 2632 ἀνεσχόμην
1238 2576 1306 2619 Va
1428 2579 1480 2617 13
1513 2573 1632 2628 πλὴν
1652 2599 1705 2605 -
1726 2577 1779 2617 15
1803 2572 1910 2618 υἱόν

219 2632 475 2686 praemisso
508 2632 731 2690 Λιβάνιος
763 2633 878 2677 oita’n
911 2634 1050 2677 Andr.
1084 2634 1182 2690 Lop
1156 2592 1259 2677 sad
1292 2633 1380 2678 lex.
1417 2632 1617 2676 Vindob.
1652 2646 1686 2675 s.
1711 2647 1753 2675 v
1788 2632 1908 2676 εἰσά-

219 2690 312 2742 παξ
351 2691 458 2735 ἀντὶ
495 2699 578 2735 τοῦ
620 2691 836 2743 ὁλοτελῶς
873 2707 918 2748 p.
953 2697 1023 2746 52,
1044 2697 1096 2736 16
1138 2693 1208 2736 ed.
1246 2692 1413 2736 Nauck
1559 2696 1613 2735 14
1657 2689 1716 2734 ἂν
1755 2704 1833 2735 om
1864 2693 1910 2736 Β

220 2748 382 2804 Lopad
430 2751 436 2807 Ι
484 2767 528 2794 τι
560 2764 635 2793 om
658 2751 800 2796 HVO
935 2755 987 2794 17
1022 2751 1182 2810 ἐπῄνει
1216 2753 1260 2796 V
1283 2751 1384 2796 Mor
1415 2750 1497 2796 sed
1528 2767 1582 2807 γρ
1615 2748 1832 2795 ἐπιτείνει
1861 2750 1913 2794 in

220 2821 354 2863 marg
381 2809 440 2853 1⁷³
464 2809 547 2852 εἰς·
533 2824 583 2852 ιιι
605 2824 739 2866 marg
762 2809 863 2853 Mor
924 2770 1140 2855 ἐπιτείνει
1168 2812 1227 2855 Μ
1256 2811 1337 2854 sed
1361 2827 1415 2867 γρ
1440 2809 1601 2868 ἐπῄνει
1624 2809 1673 2852 in
1697 2824 1831 2866 marg
1851 2824 1910 2863 m,

221 2866 410 2912 LaViB
423 2869 492 2912 Va
515 2867 634 2912 sed
620 2882 671 2911 m
694 2825 781 2913 hgoc
806 2868 876 2926 yQ‘
901 2867 1099 2926 ἐπῄνει
1085 2884 1135 2912 m
1158 2883 1293 2936 marg
1319 2870 1326 2927 Ι
1350 2875 1543 2914 τοσοῦτο
1571 2870 1634 2913 Μ
1688 2875 1910 2913 τοσοῦτον

229 2925 299 2969 Va
325 2928 332 2983 Ι
360 2927 504 2971 αὐτὸν
536 2940 611 2970 om
637 2928 699 2971 M
831 2931 885 2972 18
918 2914 1009 2986 ὅσῳ
1041 2928 1205 2984 scripsi
1236 2942 1291 2972 ex
1317 2928 1598 2973 HVC'LaVi
1629 2927 1712 2971 sed
1742 2927 1792 2970 in
1822 2927 1910 2971 hoc
