2044 3168
260 124 362 177 198
681 122 910 167 LIBANII
940 121 1332 167 DECLAMATIO
1364 121 1535 167 XXXV

255 259 360 313 εἰσὶ
409 256 469 312 δὲ
510 262 567 312 οἳ
608 259 699 313 καὶ
746 260 841 323 τὰς
888 269 1000 314 τῶν
1044 259 1328 313 πλουσίων
1368 259 1543 321 οἰκίας
1593 259 1947 330 διερευνησά-

253 368 410 417 μενοι
449 350 510 402 τὸ
551 349 742 402 κοινὸν
782 347 1000 403 ἐκεῖθεν
1041 347 1313 402 διέσωσαν
1353 347 1706 411 διδάσκοντες
1745 348 1948 412 αὐτοὺς

253 439 326 507 μὴ
380 439 728 507 χαλεπαίνειν
782 439 830 491 εἰ
884 439 1116 507 λήψεταί
1166 457 1247 500 τις
1302 437 1553 490 ἀκόντων
1609 435 1643 489 ἃ
1695 439 1947 506 βελτίους

255 526 324 580 ἂν
355 522 497 594 ἦσαν
527 525 739 590 ἑκόντες
771 528 1161 597 διανείμαντες.
1203 525 1288 580 29.
1314 527 1529 579 τούτων
1561 523 1729 579 οὐδὲν
1761 526 1944 596 ἀγνοῶ

210 637 229 670 ⁶
254 624 366 668 τῶν
405 616 726 685 φαρμάκων,
765 615 903 670 ἀλλὰ
941 617 1031 670 καὶ
1071 615 1254 684 λέγειν
1292 614 1362 669 ἂν
1394 617 1569 685 ἔχοιμι
1599 617 1786 677 πόλεις
1818 614 1944 669 dvo-

253 705 459 774 μαστάς
498 705 641 758 οὕτω
675 705 1035 774 σεσωσμένας.
1076 704 1214 758 ἀλλὰ
1253 703 1362 774 ὁρῶ
1402 705 1469 757 τὰ
1500 700 1602 773 μὲν
1642 703 1783 757 ἄλλα
1819 703 1945 774 ἡμε-

254 802 368 864 ρῶν
413 813 583 847 τινων
628 792 918 863 χρῄζοντα,
973 795 1035 847 τὸ
1093 790 1153 846 δὲ
1208 796 1522 846 τελευταῖον
1577 791 1798 863 ἕτοιμον
1843 791 1947 862 μὲν

252 881 342 936 καὶ
381 886 661 952 πολλαχοῦ
702 884 768 951 δὴ
810 881 900 936 καὶ
941 883 1073 936 αὐτὸ
1113 881 1516 952 πεπραγμένον,
1556 884 1684 952 ε”χον
1724 881 1789 936 δέ
1820 902 1946 936 τινα

253 973 422 1025 ὄκνον
477 971 610 1040 ἐμοί.
675 973 731 1025 τί
789 973 892 1043 γάρ
955 991 1019 1041 με
1081 972 1298 1041 βούλει·
1332 973 1684 1041 παρελθόντα
1747 973 1944 1036 εἰπεῖν;

187 1083 230 1116 10
255 1066 453 1130 ἴωμεν
493 1059 595 1114 ἐπὶ
635 1063 745 1124 τὰς
785 1063 998 1124 οἰκίας
1035 1070 1163 1115 τῶν
1212 1063 1571 1129 πλουσίων,
1620 1058 1946 1128 ἐξάγωμεν

254 1151 346 1212 εἰς
385 1150 452 1203 τὸ
492 1149 692 1219 μέσον
729 1152 881 1213 τοὺς
919 1150 1193 1220 πυρούς,
1239 1152 1488 1217 μᾶλλον
1534 1149 1628 1217 δέ,
1673 1150 1784 1211 τὰς
1829 1146 1946 1219 μὲν

252 1248 379 1292 τῶν
419 1240 629 1292 ἄλλων
669 1238 896 1309 ἐῶμεν,
944 1240 1057 1293 τὸν
1104 1236 1174 1292 δὲ
1222 1238 1675 1308 ὁμολογοῦντα
1720 1246 1943 1308 κεκτῆ-

254 1333 411 1381 σθαι
449 1331 718 1392 πλείους
755 1337 865 1396 τῆς
902 1327 1215 1398 ἡμετέρας
1254 1329 1474 1398 χρείας
1504 1336 1792 1395 ποιῶμεν
1824 1343 1944 1380 σω-

252 1425 411 1488 τῆρα
450 1425 559 1485 τῆς
598 1419 853 1480 πόλεως.
897 1418 980 1470 30.
1014 1415 1133 1471 ἀλλ’
1171 1418 1296 1470 οὔτε
1331 1418 1524 1470 ἄλλοτε
1563 1418 1783 1470 πώποτε
1815 1415 1945 1470 οὐδ’

186 1529 228 1562 15
253 1506 444 1560 ὁτιοῦν
484 1505 568 1559 ἐπὶ
608 1508 785 1579 τούτῳ
825 1506 1057 1576 γράφων
1099 1505 1310 1575 ἐφάνην
1349 1513 1456 1559 νῦν
1493 1525 1551 1559 τε
1591 1506 1693 1558 οὐκ
1732 1505 1801 1559 ἂν
1841 1525 1943 1577 φα-

253 1599 419 1664 νείην.
461 1596 531 1665 μὴ
571 1596 676 1664 γὰρ
718 1601 839 1663 εἴπῃ
880 1615 962 1658 τις
1002 1597 1073 1658 ὡς
1114 1594 1218 1664 ἐγώ
1257 1613 1389 1648 ποτε
1429 1593 1503 1648 δι’
1546 1591 1757 1665 ἔχθραν
1787 1595 1820 1664 ἢ
1853 1596 1943 1648 λό-

252 1704 356 1752 γον
408 1686 532 1738 τινά
588 1678 745 1737 εἷπον
798 1685 830 1754 ἢ
883 1687 1141 1753 ψήφισμα
1195 1681 1422 1753 ἔγραψα.
1485 1686 1715 1736 καλείτω
1769 1680 1944 1753 μηδὲν

252 1774 724 1840 ὑποστελλόμενος
771 1773 868 1836 οὓς
915 1773 986 1827 ἂν
1034 1773 1198 1843 ἐθέλῃ
1249 1781 1361 1826 τῶν
1405 1775 1660 1842 πολιτῶν.
1716 1770 1834 1839 ἐμοὶ
1882 1772 1944 1826 δὲ

253 1861 564 1931 φυλακτέον
616 1863 717 1931 τὴν
771 1861 926 1927 τάξιν
979 1864 1082 1932 τὴν
1137 1862 1399 1929 ἐμαυτοῦ,
1455 1862 1592 1915 ὥστε
1647 1862 1793 1930 παρὰ
1841 1869 1942 1914 τοῦ

186 1974 230 2007 20
251 1952 504 2004 θανάτου
551 1953 616 2005 τὰ
662 1959 761 2005 τοῦ
808 1954 1159 2021 ψηφίσματος
1209 1947 1407 2019 γένοιτ’
1463 1952 1545 2004 ἄν.
1610 1948 1786 2004 ἐκεῖνο
1840 1950 1942 2020 μὲν

252 2041 355 2109 γὰρ
403 2038 473 2093 ἂν
517 2040 659 2110 ὑμᾶς
704 2037 837 2110 ἦγεν
883 2039 971 2094 ἐπὶ
1024 2041 1124 2094 τὸν
1172 2049 1353 2108 σῖτον,
1407 2047 1571 2093 τοῦτο
1629 2036 1690 2092 δὲ
1742 2046 1942 2092 τοῦτον

251 2129 384 2196 ὑμῖν
423 2127 704 2196 ἐκκομίσαι
742 2131 840 2183 τὸν
881 2139 1035 2184 σῖτον
1074 2129 1357 2182 ἀναπείσει
1395 2129 1533 2200 ρᾷον
1565 2129 1597 2198 ἢ
1630 2133 1780 2196 εἴπερ
1821 2124 1941 2181 ἔλα-

371 2234 424 2272 17
456 2245 524 2305 Sq.
559 2230 615 2274 cf.
651 2231 710 2274 ad
741 2233 774 2275 t.
810 2231 871 2274 VJ
903 2235 1093 2286 413,11.
1128 2231 1258 2275 Dem.
1291 2229 1397 2274 fals.
1430 2229 1521 2287 leg.
1554 2234 1578 2283 ξ
1605 2233 1690 2272 237
1723 2245 1768 2286 p.
1795 2233 1894 2285 415,
1913 2234 1938 2272 2

372 2324 393 2362 1
428 2326 519 2362 τῶν
553 2334 626 2363 om
653 2321 697 2363 B
821 2325 844 2363 3
879 2320 919 2364 εἰ
946 2347 997 2352 -
1025 2317 1236 2364 ἀκόντων
1261 2334 1337 2364 om
1363 2320 1432 2364 Va
1457 2321 1464 2375 Ι
1491 2319 1598 2375 post
1620 2334 1689 2368 τις
1711 2317 1787 2361 lac
1812 2322 1837 2360 3
1862 2317 1941 2361 litt

253 2379 298 2423 B
434 2382 460 2420 4
493 2375 551 2421 ἂν
584 2392 655 2421 om
687 2379 852 2423 CrHV
989 2383 1014 2422 5
1048 2379 1268 2435 ὀνομαστὶ
1293 2380 1338 2423 Β
1483 2382 1538 2421 10
1575 2376 1869 2434 ἐξαγάγωμεν
1894 2379 1940 2422 Β

374 2442 423 2480 11
458 2437 509 2480 τὸ
543 2451 615 2480 om
644 2438 810 2482 GrHV
836 2438 911 2481 del
943 2439 1009 2482 Re.
1037 2440 1043 2493 Ι
1070 2438 1152 2482 τὸν
1182 2435 1334 2493 πυρόν
1361 2439 1423 2482 M
1539 2441 1591 2480 12
1625 2435 1941 2493 ὁμολογοῦντα

253 2494 303 2541 δὲ
329 2497 515 2540 BMVa
546 2497 648 2540 Mor
770 2502 823 2540 14
857 2495 957 2541 οὔτ’
988 2499 1049 2542 Μ
1079 2499 1084 2553 Ι
1121 2497 1228 2542 ἄλλο
1264 2499 1332 2553 Vl
1367 2498 1474 2554 post
1506 2495 1663 2540 ἄλλοτε
1695 2507 1769 2539 ras
1802 2499 1829 2537 4
1860 2495 1940 2539 litt

261 2556 329 2600 Va
378 2558 384 2610 1
436 2554 594 2599 ἄλλοτέ
624 2571 735 2600 ποτε
762 2557 823 2600 Μ
893 2557 1078 2601 πώποτε
1110 2557 1158 2599 in
1189 2556 1264 2600 lac
1297 2561 1322 2599 6
1355 2555 1435 2598 litt
1465 2569 1539 2599 om
1565 2556 1609 2598 B
1678 2561 1863 2599 πῶποτε
1888 2555 1942 2599 Η

373 2618 426 2658 15
472 2619 606 2670 „post
646 2613 805 2659 ὁτιοῦν
842 2616 1021 2660 videtur
1058 2622 1271 2660 τοιοῦτον
1310 2615 1482 2660 deesse“
1522 2613 1588 2657 Re
1734 2618 1788 2657 16
1832 2612 1938 2672 εἴπῃ

253 2673 416 2728 scripsi
442 2688 464 2716 e
491 2674 600 2718 ΒΜ
659 2673 782 2718 εἴποι
802 2673 1041 2718 CrHVVa
1066 2675 1157 2718 edd
1280 2679 1333 2717 18
1366 2671 1751 2728 ὑποστειλάμενος
1774 2673 1820 2717 Β

255 2737 308 2776 19
342 2731 452 2777 ὥστε
483 2731 612 2785 παρὰ
644 2732 807 2789 scripsi
840 2736 1029 2776 auctore
1063 2733 1129 2777 Re
1192 2730 1297 2777 ὥστ’
1334 2733 1409 2778 ἐπὶ
1439 2731 1549 2775 libri
1582 2731 1672 2775 edd
1707 2732 1713 2788 Ι
1754 2738 1837 2776 τοῦ
1868 2731 1937 2775 in-

253 2791 375 2835 serui
408 2806 431 2835 e
459 2792 665 2836 OrHVB
678 2792 746 2835 Va
807 2805 880 2835 om
909 2793 970 2836 M
997 2792 1088 2835 edd
1209 2797 1264 2835 20
1295 2798 1380 2836 τοῦ
1410 2805 1485 2835 om
1512 2792 1569 2835 M
1578 2791 1648 2834 Va
1678 2790 1779 2834 Mor
1805 2792 1811 2845 Ι
1845 2799 1937 2846 ψη-

253 2848 458 2906 φίσματα
486 2851 544 2893 M
552 2851 621 2895 Va
653 2850 753 2894 Mor
872 2856 927 2894 22
959 2853 1183 2907 punctum
1214 2852 1322 2907 post
1353 2857 1480 2895 σῖτον
1503 2849 1612 2893 libri
1637 2849 1728 2893 edd
1790 2848 1939 2892 delevi

254 2911 442 2954 auctore
465 2909 533 2953 Re
560 2911 566 2962 Ι
594 2906 837 2954 ἀναπείσει
868 2908 1032 2967 ρἇν
1016 2908 1044 2965 ὴ
1078 2909 1244 2967 scripsi
1305 2906 1546 2953 ἀναπείσει
1578 2907 1666 2965 γὰρ
1692 2924 1751 2951 αν
1778 2907 1892 2952 CrH
1902 2908 1943 2952 V

253 2968 321 3012 Re
382 2967 672 3026 ἀναπηδήσει
696 2968 783 3026 γὰρ
810 2966 868 3013 ἂν
895 2955 956 3012 Μ
983 2969 1084 3014 Mor
1142 2968 1192 3012 in
1215 2969 1289 3012 lac
1315 2972 1489 3013 13-14
1511 2967 1591 3012 litt
1615 2981 1690 3011 om
1706 2968 1768 3022 B,
1790 2966 1841 3010 in
1862 2966 1937 3011 lac
