<?xml version="1.0" encoding="UTF-8"?>
<!DOCTYPE html PUBLIC "-//W3C//DTD XHTML 1.0 Transitional//EN"
    "http://www.w3.org/TR/xhtml1/DTD/xhtml1-transitional.dtd">
<html xmlns="http://www.w3.org/1999/xhtml" xml:lang="en" lang="en">
 <head>
  <title>
</title>
<meta http-equiv="Content-Type" content="text/html;charset=utf-8" />
  <meta name='ocr-system' content='tesseract 3.04.00' />
  <meta name='ocr-capabilities' content='ocr_page ocr_carea ocr_par ocr_line ocrx_word'/>
</head>
<body>
  <div class='ocr_page' id='page_1' title='image "./operarecensuitri07libauoft_0681.png"; bbox 0 0 2014 3158; ppageno 0'>
   <div class='ocr_carea' id='block_1_1' title="bbox 0 1806 14 2774">
    <p class='ocr_par' dir='ltr' id='par_1_1' title="bbox 0 1806 14 2774">
     <span class='ocr_line' id='line_1_1' title="bbox 0 1806 14 2774; textangle 90"><span class='ocrx_word' id='word_1_1' title='bbox 0 2297 14 2774; x_wconf 44' lang='lat' dir='ltr'><em>·v&#39;X-ssvmmwczu--z-</em></span> <span class='ocrx_word' id='word_1_2' title='bbox 0 2080 11 2277; x_wconf 39' lang='lat' dir='ltr'><em>wat-reru-J—</em></span> <span class='ocrx_word' id='word_1_3' title='bbox 0 2038 7 2045; x_wconf 65' lang='grc' dir='ltr'><em>ν</em></span> <span class='ocrx_word' id='word_1_4' title='bbox 0 2019 5 2024; x_wconf 85' lang='lat'><em>=</em></span> <span class='ocrx_word' id='word_1_5' title='bbox 0 1998 7 2004; x_wconf 63' lang='lat' dir='ltr'>T</span> <span class='ocrx_word' id='word_1_6' title='bbox 0 1959 4 1964; x_wconf 37' lang='grc' dir='ltr'>ψ</span> <span class='ocrx_word' id='word_1_7' title='bbox 0 1923 2 1927; x_wconf 44' lang='lat' dir='ltr'>v</span> <span class='ocrx_word' id='word_1_8' title='bbox 0 1879 2 1889; x_wconf 97' lang='lat'><em>-</em></span> <span class='ocrx_word' id='word_1_9' title='bbox 0 1806 11 1843; x_wconf 44' lang='lat' dir='ltr'><em>f,</em></span> 
     </span>
    </p>
   </div>
   <div class='ocr_carea' id='block_1_2' title="bbox 611 103 1802 157">
    <p class='ocr_par' dir='ltr' id='par_1_2' title="bbox 611 103 1802 157">
     <span class='ocr_line' id='line_1_2' title="bbox 611 103 1802 157; baseline 0.007 -8"><span class='ocrx_word' id='word_1_10' title='bbox 611 103 784 149; x_wconf 77' lang='lat' dir='ltr'>GAECI</span> <span class='ocrx_word' id='word_1_11' title='bbox 815 103 955 148; x_wconf 85' lang='lat' dir='ltr'><strong>FILII</strong></span> <span class='ocrx_word' id='word_1_12' title='bbox 985 103 1291 148; x_wconf 87' lang='lat' dir='ltr'><strong>APOLOGIA</strong></span> <span class='ocrx_word' id='word_1_13' title='bbox 1695 103 1802 157; x_wconf 83' lang='lat'><em>663</em></span> 
     </span>
    </p>
   </div>
   <div class='ocr_carea' id='block_1_3' title="bbox 109 237 1896 1645">
    <p class='ocr_par' dir='ltr' id='par_1_3' title="bbox 109 237 1896 1645">
     <span class='ocr_line' id='line_1_3' title="bbox 109 237 1805 311; baseline -0.001 -16"><span class='ocrx_word' id='word_1_14' title='bbox 109 241 344 311; x_wconf 81' lang='grc' dir='ltr'><em>γέρων,</em></span> <span class='ocrx_word' id='word_1_15' title='bbox 383 239 494 311; x_wconf 78' lang='grc' dir='ltr'><em>δέῃ</em></span> <span class='ocrx_word' id='word_1_16' title='bbox 535 237 602 293; x_wconf 77' lang='grc' dir='ltr'><em>δὲ</em></span> <span class='ocrx_word' id='word_1_17' title='bbox 641 240 958 308; x_wconf 85' lang='grc' dir='ltr'><em>γυναικὸς</em></span> <span class='ocrx_word' id='word_1_18' title='bbox 998 240 1073 293; x_wconf 86' lang='grc' dir='ltr'><em>οὐ</em></span> <span class='ocrx_word' id='word_1_19' title='bbox 1114 241 1516 293; x_wconf 79' lang='grc' dir='ltr'><em>παιδοποιοῦ</em></span> <span class='ocrx_word' id='word_1_20' title='bbox 1556 243 1805 309; x_wconf 82' lang='grc' dir='ltr'><em>μᾶλλον</em></span> 
     </span>
     <span class='ocr_line' id='line_1_4' title="bbox 110 327 1805 401; baseline 0 -19"><span class='ocrx_word' id='word_1_21' title='bbox 110 330 143 400; x_wconf 78' lang='grc' dir='ltr'>ἢ</span> <span class='ocrx_word' id='word_1_22' title='bbox 183 331 595 401; x_wconf 39' lang='grc' dir='ltr'><em>γηρωκόμους</em></span> <span class='ocrx_word' id='word_1_23' title='bbox 633 327 870 382; x_wconf 85' lang='grc' dir='ltr'><em>πολλαὶ</em></span> <span class='ocrx_word' id='word_1_24' title='bbox 904 328 973 382; x_wconf 79' lang='grc' dir='ltr'><em>δὲ</em></span> <span class='ocrx_word' id='word_1_25' title='bbox 1012 336 1313 381; x_wconf 85' lang='grc' dir='ltr'><em>τοιαῦται</em></span> <span class='ocrx_word' id='word_1_26' title='bbox 1352 329 1509 382; x_wconf 79' lang='grc' dir='ltr'><em>κατὰ</em></span> <span class='ocrx_word' id='word_1_27' title='bbox 1540 330 1655 397; x_wconf 86' lang='grc' dir='ltr'><em>τὴν</em></span> <span class='ocrx_word' id='word_1_28' title='bbox 1694 331 1805 382; x_wconf 91' lang='grc' dir='ltr'><em>πό-</em></span> 
     </span>
     <span class='ocr_line' id='line_1_5' title="bbox 113 411 1806 487; baseline -0.002 -15"><span class='ocrx_word' id='word_1_29' title='bbox 113 423 229 472; x_wconf 93' lang='grc' dir='ltr'><em>λιν.</em></span> <span class='ocrx_word' id='word_1_30' title='bbox 291 418 376 472; x_wconf 81' lang='grc'><em>23.</em></span> <span class='ocrx_word' id='word_1_31' title='bbox 418 411 564 472; x_wconf 82' lang='grc' dir='ltr'><em>οἴδα</em></span> <span class='ocrx_word' id='word_1_32' title='bbox 611 414 727 487; x_wconf 77' lang='grc' dir='ltr'><em>μὲν</em></span> <span class='ocrx_word' id='word_1_33' title='bbox 775 413 894 471; x_wconf 82' lang='grc' dir='ltr'><em>οὗν</em></span> <span class='ocrx_word' id='word_1_34' title='bbox 941 417 1022 480; x_wconf 82' lang='grc' dir='ltr'><em>ὡς</em></span> <span class='ocrx_word' id='word_1_35' title='bbox 1070 418 1294 471; x_wconf 81' lang='grc' dir='ltr'><em>δεινόν</em></span> <span class='ocrx_word' id='word_1_36' title='bbox 1341 437 1400 470; x_wconf 89' lang='grc' dir='ltr'><em>τι</em></span> <span class='ocrx_word' id='word_1_37' title='bbox 1448 426 1655 487; x_wconf 85' lang='grc' dir='ltr'><em>χρῆμα</em></span> <span class='ocrx_word' id='word_1_38' title='bbox 1693 438 1806 486; x_wconf 87' lang='grc' dir='ltr'><em>μη-</em></span> 
     </span>
     <span class='ocr_line' id='line_1_6' title="bbox 112 505 1896 578; baseline -0.003 -17"><span class='ocrx_word' id='word_1_39' title='bbox 112 509 302 578; x_wconf 80' lang='grc' dir='ltr'><em>τρυιὰ</em></span> <span class='ocrx_word' id='word_1_40' title='bbox 341 505 448 560; x_wconf 84' lang='grc' dir='ltr'><em>καὶ</em></span> <span class='ocrx_word' id='word_1_41' title='bbox 481 508 676 576; x_wconf 89' lang='grc' dir='ltr'><em>φύσει</em></span> <span class='ocrx_word' id='word_1_42' title='bbox 709 505 1057 576; x_wconf 76' lang='grc' dir='ltr'><em>πολέμιον,</em></span> <span class='ocrx_word' id='word_1_43' title='bbox 1093 505 1099 569; x_wconf 86' lang='grc' dir='ltr'>Ι</span> <span class='ocrx_word' id='word_1_44' title='bbox 1136 507 1324 575; x_wconf 79' lang='grc' dir='ltr'><em>ἱκανὴ</em></span> <span class='ocrx_word' id='word_1_45' title='bbox 1357 507 1472 576; x_wconf 81' lang='grc' dir='ltr'><em>μὲρ</em></span> <span class='ocrx_word' id='word_1_46' title='bbox 1506 508 1623 575; x_wconf 81' lang='grc' dir='ltr'><em>γὰρ</em></span> <span class='ocrx_word' id='word_1_47' title='bbox 1670 512 1896 556; x_wconf 78' lang='lat' dir='ltr'><em>R1V750</em></span> 
     </span>
     <span class='ocr_line' id='line_1_7' title="bbox 113 590 1873 666; baseline 0 -16"><span class='ocrx_word' id='word_1_48' title='bbox 113 597 581 666; x_wconf 83' lang='grc' dir='ltr'><em>ἐπιβουλεῦσαι</em></span> <span class='ocrx_word' id='word_1_49' title='bbox 614 594 719 648; x_wconf 86' lang='grc' dir='ltr'><em>καὶ</em></span> <span class='ocrx_word' id='word_1_50' title='bbox 746 597 1139 666; x_wconf 81' lang='grc' dir='ltr'><em>διαφθεῖραι</em></span> <span class='ocrx_word' id='word_1_51' title='bbox 1171 596 1586 648; x_wconf 89' lang='grc' dir='ltr'><em>παντάπασιν</em></span> <span class='ocrx_word' id='word_1_52' title='bbox 1618 590 1804 650; x_wconf 85' lang='grc' dir='ltr'><em>οἷκον</em></span> <span class='ocrx_word' id='word_1_53' title='bbox 1854 617 1873 650; x_wconf 85' lang='lat'><strong>5</strong></span> 
     </span>
     <span class='ocr_line' id='line_1_8' title="bbox 114 683 1808 755; baseline -0.001 -16"><span class='ocrx_word' id='word_1_54' title='bbox 114 685 497 755; x_wconf 82' lang='grc' dir='ltr'><em>εὐδαίμονα,</em></span> <span class='ocrx_word' id='word_1_55' title='bbox 562 686 744 753; x_wconf 81' lang='grc' dir='ltr'><em>δεινὴ</em></span> <span class='ocrx_word' id='word_1_56' title='bbox 811 684 879 738; x_wconf 79' lang='grc' dir='ltr'><em>δὲ</em></span> <span class='ocrx_word' id='word_1_57' title='bbox 941 684 1284 753; x_wconf 78' lang='grc' dir='ltr'><em>διαβολαῖς</em></span> <span class='ocrx_word' id='word_1_58' title='bbox 1346 684 1642 747; x_wconf 80' lang='grc' dir='ltr'><em>ἀνοσίοις</em></span> <span class='ocrx_word' id='word_1_59' title='bbox 1703 683 1808 738; x_wconf 83' lang='grc' dir='ltr'><em>καὶ</em></span> 
     </span>
     <span class='ocr_line' id='line_1_9' title="bbox 116 773 1809 862; baseline -0.001 -34"><span class='ocrx_word' id='word_1_60' title='bbox 116 777 616 844; x_wconf 85' lang='grc' dir='ltr'><em>σκευωρήμασιν</em></span> <span class='ocrx_word' id='word_1_61' title='bbox 647 773 680 842; x_wconf 81' lang='grc' dir='ltr'>ἢ</span> <span class='ocrx_word' id='word_1_62' title='bbox 714 773 1288 862; x_wconf 39' lang='grc' dir='ltr'><em>φαρμακείαιςὶκαὶ</em></span> <span class='ocrx_word' id='word_1_63' title='bbox 1312 775 1809 843; x_wconf 79' lang='grc' dir='ltr'><em>μαγγανεύμασι</em></span> 
     </span>
     <span class='ocr_line' id='line_1_10' title="bbox 116 860 1810 932; baseline -0.001 -15"><span class='ocrx_word' id='word_1_64' title='bbox 116 866 425 917; x_wconf 81' lang='grc' dir='ltr'><em>διαλῦσαι</em></span> <span class='ocrx_word' id='word_1_65' title='bbox 471 863 588 931; x_wconf 80' lang='grc' dir='ltr'><em>μὲν</em></span> <span class='ocrx_word' id='word_1_66' title='bbox 633 863 955 932; x_wconf 89' lang='grc' dir='ltr'><em>πατρικὴν</em></span> <span class='ocrx_word' id='word_1_67' title='bbox 1011 862 1307 931; x_wconf 75' lang='grc' dir='ltr'><em>εὔνοιαν,</em></span> <span class='ocrx_word' id='word_1_68' title='bbox 1362 860 1810 930; x_wconf 78' lang='grc' dir='ltr'><em>ἐκπολεμῶσαι</em></span> 
     </span>
     <span class='ocr_line' id='line_1_11' title="bbox 112 931 1809 1022; baseline -0.001 -16"><span class='ocrx_word' id='word_1_69' title='bbox 112 931 180 1017; x_wconf 61' lang='lat'><em>6}</em></span> <span class='ocrx_word' id='word_1_70' title='bbox 219 953 293 1006; x_wconf 82' lang='grc' dir='ltr'><em>τὰ</em></span> <span class='ocrx_word' id='word_1_71' title='bbox 331 951 485 1021; x_wconf 85' lang='grc' dir='ltr'><em>γένη</em></span> <span class='ocrx_word' id='word_1_72' title='bbox 524 952 686 1022; x_wconf 89' lang='grc' dir='ltr'><em>πρὸς</em></span> <span class='ocrx_word' id='word_1_73' title='bbox 725 953 968 1020; x_wconf 79' lang='grc' dir='ltr'><em>ἄλληλα</em></span> <span class='ocrx_word' id='word_1_74' title='bbox 999 949 1106 1004; x_wconf 81' lang='grc' dir='ltr'><em>καὶ</em></span> <span class='ocrx_word' id='word_1_75' title='bbox 1140 951 1348 1004; x_wconf 91' lang='grc' dir='ltr'><em>πάντα</em></span> <span class='ocrx_word' id='word_1_76' title='bbox 1379 953 1626 1021; x_wconf 83' lang='grc' dir='ltr'><em>τρόπον</em></span> <span class='ocrx_word' id='word_1_77' title='bbox 1657 953 1809 1022; x_wconf 83' lang='grc' dir='ltr'><em>μίση</em></span> 
     </span>
     <span class='ocr_line' id='line_1_12' title="bbox 112 1036 1879 1111; baseline 0 -16"><span class='ocrx_word' id='word_1_78' title='bbox 112 1044 617 1111; x_wconf 81' lang='grc' dir='ltr'><em>μηχανήσασθαι</em></span> <span class='ocrx_word' id='word_1_79' title='bbox 678 1049 806 1093; x_wconf 86' lang='grc' dir='ltr'><em>τῶν</em></span> <span class='ocrx_word' id='word_1_80' title='bbox 868 1041 1214 1110; x_wconf 80' lang='grc' dir='ltr'><em>φιλτάτων.</em></span> <span class='ocrx_word' id='word_1_81' title='bbox 1276 1036 1407 1109; x_wconf 80' lang='grc' dir='ltr'><em>ἔχει</em></span> <span class='ocrx_word' id='word_1_82' title='bbox 1471 1039 1546 1094; x_wconf 82' lang='grc' dir='ltr'><em>δέ</em></span> <span class='ocrx_word' id='word_1_83' title='bbox 1593 1060 1652 1093; x_wconf 89' lang='grc' dir='ltr'><em>τι</em></span> <span class='ocrx_word' id='word_1_84' title='bbox 1705 1041 1811 1094; x_wconf 84' lang='grc' dir='ltr'><em>καὶ</em></span> <span class='ocrx_word' id='word_1_85' title='bbox 1836 1062 1879 1096; x_wconf 84' lang='lat'><em>10</em></span> 
     </span>
     <span class='ocr_line' id='line_1_13' title="bbox 114 1128 1812 1200; baseline -0.002 -15"><span class='ocrx_word' id='word_1_86' title='bbox 114 1133 475 1200; x_wconf 85' lang='grc' dir='ltr'><em>μιαιφόνον</em></span> <span class='ocrx_word' id='word_1_87' title='bbox 528 1128 632 1183; x_wconf 85' lang='grc' dir='ltr'><em>καὶ</em></span> <span class='ocrx_word' id='word_1_88' title='bbox 690 1138 1002 1199; x_wconf 77' lang='grc' dir='ltr'><em>τραγικῆς</em></span> <span class='ocrx_word' id='word_1_89' title='bbox 1058 1136 1298 1198; x_wconf 82' lang='grc' dir='ltr'><em>σκηνῆς</em></span> <span class='ocrx_word' id='word_1_90' title='bbox 1353 1128 1551 1194; x_wconf 80' lang='grc' dir='ltr'><em>ἄξιον.</em></span> <span class='ocrx_word' id='word_1_91' title='bbox 1614 1131 1812 1198; x_wconf 85' lang='grc' dir='ltr'><em>μεστὰ</em></span> 
     </span>
     <span class='ocr_line' id='line_1_14' title="bbox 114 1215 1813 1289; baseline -0.001 -16"><span class='ocrx_word' id='word_1_92' title='bbox 114 1227 280 1289; x_wconf 86' lang='grc' dir='ltr'><em>γοῦν</em></span> <span class='ocrx_word' id='word_1_93' title='bbox 311 1220 562 1273; x_wconf 87' lang='grc' dir='ltr'><em>τούτων</em></span> <span class='ocrx_word' id='word_1_94' title='bbox 587 1220 661 1272; x_wconf 82' lang='grc' dir='ltr'><em>τὰ</em></span> <span class='ocrx_word' id='word_1_95' title='bbox 687 1219 1006 1289; x_wconf 78' lang='grc' dir='ltr'><em>δράματα,</em></span> <span class='ocrx_word' id='word_1_96' title='bbox 1031 1219 1278 1288; x_wconf 79' lang='grc' dir='ltr'><em>πλήρης</em></span> <span class='ocrx_word' id='word_1_97' title='bbox 1303 1215 1371 1271; x_wconf 73' lang='grc' dir='ltr'><em>δὲ</em></span> <span class='ocrx_word' id='word_1_98' title='bbox 1402 1228 1529 1271; x_wconf 85' lang='grc' dir='ltr'><em>τῶν</em></span> <span class='ocrx_word' id='word_1_99' title='bbox 1562 1218 1813 1288; x_wconf 81' lang='grc' dir='ltr'><em>ἀνθρώ-</em></span> 
     </span>
     <span class='ocr_line' id='line_1_15' title="bbox 113 1304 1813 1378; baseline -0.001 -16"><span class='ocrx_word' id='word_1_100' title='bbox 113 1328 248 1362; x_wconf 84' lang='grc' dir='ltr'><em>πων</em></span> <span class='ocrx_word' id='word_1_101' title='bbox 296 1308 324 1362; x_wconf 91' lang='grc' dir='ltr'>ὁ</span> <span class='ocrx_word' id='word_1_102' title='bbox 377 1311 532 1378; x_wconf 86' lang='grc' dir='ltr'><em>βίος.</em></span> <span class='ocrx_word' id='word_1_103' title='bbox 598 1308 683 1361; x_wconf 78' lang='grc'><em>24.</em></span> <span class='ocrx_word' id='word_1_104' title='bbox 732 1308 899 1375; x_wconf 84' lang='grc' dir='ltr'><em>ὅμως</em></span> <span class='ocrx_word' id='word_1_105' title='bbox 955 1304 1023 1362; x_wconf 75' lang='grc' dir='ltr'><em>δὲ</em></span> <span class='ocrx_word' id='word_1_106' title='bbox 1078 1308 1601 1376; x_wconf 84' lang='grc' dir='ltr'><em>συμβουλεύσεις</em></span> <span class='ocrx_word' id='word_1_107' title='bbox 1654 1307 1813 1378; x_wconf 80' lang='grc' dir='ltr'><em>αὐτῇ</em></span> 
     </span>
     <span class='ocr_line' id='line_1_16' title="bbox 114 1395 1813 1468; baseline -0.001 -17"><span class='ocrx_word' id='word_1_108' title='bbox 114 1396 220 1451; x_wconf 87' lang='grc' dir='ltr'><em>καὶ</em></span> <span class='ocrx_word' id='word_1_109' title='bbox 259 1397 683 1468; x_wconf 83' lang='grc' dir='ltr'><em>παραινέσεις</em></span> <span class='ocrx_word' id='word_1_110' title='bbox 714 1395 820 1450; x_wconf 84' lang='grc' dir='ltr'><em>καὶ</em></span> <span class='ocrx_word' id='word_1_111' title='bbox 853 1402 1197 1450; x_wconf 82' lang='grc' dir='ltr'><em>νουθετῶν</em></span> <span class='ocrx_word' id='word_1_112' title='bbox 1228 1398 1528 1465; x_wconf 85' lang='grc' dir='ltr'><em>ποιήσεις</em></span> <span class='ocrx_word' id='word_1_113' title='bbox 1566 1397 1813 1466; x_wconf 82' lang='grc' dir='ltr'><em>ἡμερω-</em></span> 
     </span>
     <span class='ocr_line' id='line_1_17' title="bbox 116 1486 1880 1557; baseline 0 -17"><span class='ocrx_word' id='word_1_114' title='bbox 116 1486 334 1557; x_wconf 79' lang='grc' dir='ltr'><em>τέραν,</em></span> <span class='ocrx_word' id='word_1_115' title='bbox 388 1486 507 1539; x_wconf 75' lang='grc' dir='ltr'><em>κᾶν</em></span> <span class='ocrx_word' id='word_1_116' title='bbox 561 1487 593 1555; x_wconf 84' lang='grc' dir='ltr'><em>ἡ</em></span> <span class='ocrx_word' id='word_1_117' title='bbox 650 1487 849 1555; x_wconf 86' lang='grc' dir='ltr'><em>φύσις</em></span> <span class='ocrx_word' id='word_1_118' title='bbox 902 1486 1061 1554; x_wconf 89' lang='grc' dir='ltr'><em>πρὸς</em></span> <span class='ocrx_word' id='word_1_119' title='bbox 1114 1487 1187 1538; x_wconf 83' lang='grc' dir='ltr'><em>τὰ</em></span> <span class='ocrx_word' id='word_1_120' title='bbox 1241 1489 1433 1556; x_wconf 84' lang='grc' dir='ltr'><em>χείρω</em></span> <span class='ocrx_word' id='word_1_121' title='bbox 1490 1487 1812 1554; x_wconf 77' lang='grc' dir='ltr'><em>βιάζηται,</em></span> <span class='ocrx_word' id='word_1_122' title='bbox 1839 1507 1880 1540; x_wconf 84' lang='lat'><em>15</em></span> 
     </span>
     <span class='ocr_line' id='line_1_18' title="bbox 114 1572 1813 1645; baseline -0.001 -16"><span class='ocrx_word' id='word_1_123' title='bbox 114 1577 322 1644; x_wconf 87' lang='grc' dir='ltr'><em>μάτην</em></span> <span class='ocrx_word' id='word_1_124' title='bbox 362 1572 430 1629; x_wconf 75' lang='grc' dir='ltr'><em>δὲ</em></span> <span class='ocrx_word' id='word_1_125' title='bbox 471 1574 831 1644; x_wconf 82' lang='grc' dir='ltr'><em>διελέγξεις</em></span> <span class='ocrx_word' id='word_1_126' title='bbox 870 1575 1457 1644; x_wconf 83' lang='grc' dir='ltr'><em>ἐπιβουλεύουσαν.</em></span> <span class='ocrx_word' id='word_1_127' title='bbox 1507 1576 1655 1629; x_wconf 80' lang='grc' dir='ltr'><em>οὔτε</em></span> <span class='ocrx_word' id='word_1_128' title='bbox 1693 1575 1813 1645; x_wconf 78' lang='grc' dir='ltr'><em>γὰρ</em></span> 
     </span>
    </p>
   </div>
   <div class='ocr_carea' id='block_1_4' title="bbox 187 1675 388 1679">
    <p class='ocr_par' dir='ltr' id='par_1_4' title="bbox 187 1675 388 1679">
     <span class='ocr_line' id='line_1_19' title="bbox 187 1675 388 1679; baseline 0 0"><span class='ocrx_word' id='word_1_129' title='bbox 187 1675 388 1679; x_wconf 95' lang='lat' dir='ltr'><em> </em></span> 
     </span>
    </p>
   </div>
   <div class='ocr_carea' id='block_1_5' title="bbox 121 1721 1694 1838">
    <p class='ocr_par' dir='ltr' id='par_1_5' title="bbox 121 1721 1694 1838">
     <span class='ocr_line' id='line_1_20' title="bbox 238 1721 1694 1778; baseline 0.001 -13"><span class='ocrx_word' id='word_1_130' title='bbox 238 1726 260 1764; x_wconf 82' lang='grc'><em>’1</em></span> <span class='ocrx_word' id='word_1_131' title='bbox 294 1721 353 1766; x_wconf 84' lang='lat' dir='ltr'><em>cf.</em></span> <span class='ocrx_word' id='word_1_132' title='bbox 384 1723 418 1766; x_wconf 77' lang='lat' dir='ltr'><em>t.</em></span> <span class='ocrx_word' id='word_1_133' title='bbox 442 1722 464 1765; x_wconf 88' lang='grc' dir='ltr'>Ι</span> <span class='ocrx_word' id='word_1_134' title='bbox 489 1726 682 1777; x_wconf 80' lang='lat'>189‚18;</span> <span class='ocrx_word' id='word_1_135' title='bbox 714 1721 778 1767; x_wconf 88' lang='lat' dir='ltr'><em>IV</em></span> <span class='ocrx_word' id='word_1_136' title='bbox 804 1727 991 1778; x_wconf 81' lang='lat'>136,12.</span> <span class='ocrx_word' id='word_1_137' title='bbox 1033 1721 1152 1766; x_wconf 75' lang='lat' dir='ltr'><strong>Plat.</strong></span> <span class='ocrx_word' id='word_1_138' title='bbox 1184 1721 1275 1778; x_wconf 81' lang='lat' dir='ltr'><strong>leg.</strong></span> <span class='ocrx_word' id='word_1_139' title='bbox 1302 1721 1365 1765; x_wconf 91' lang='lat' dir='ltr'><em>XI</em></span> <span class='ocrx_word' id='word_1_140' title='bbox 1395 1736 1440 1778; x_wconf 91' lang='lat' dir='ltr'><em>p.</em></span> <span class='ocrx_word' id='word_1_141' title='bbox 1469 1726 1553 1765; x_wconf 81' lang='lat'><em>932</em></span> <span class='ocrx_word' id='word_1_142' title='bbox 1572 1721 1608 1764; x_wconf 90' lang='grc' dir='ltr'>Ε</span> <span class='ocrx_word' id='word_1_143' title='bbox 1628 1736 1694 1777; x_wconf 85' lang='lat' dir='ltr'><em>sq.</em></span> 
     </span>
     <span class='ocr_line' id='line_1_21' title="bbox 121 1781 848 1838; baseline 0 -13"><span class='ocrx_word' id='word_1_144' title='bbox 121 1786 173 1825; x_wconf 90' lang='lat'><em>11</em></span> <span class='ocrx_word' id='word_1_145' title='bbox 208 1781 414 1838; x_wconf 72' lang='lat' dir='ltr'><em>Hypoth.</em></span> <span class='ocrx_word' id='word_1_146' title='bbox 441 1781 503 1825; x_wconf 86' lang='lat' dir='ltr'><em>ad</em></span> <span class='ocrx_word' id='word_1_147' title='bbox 526 1781 632 1826; x_wconf 89' lang='lat' dir='ltr'><strong>Eur.</strong></span> <span class='ocrx_word' id='word_1_148' title='bbox 658 1781 848 1838; x_wconf 88' lang='lat' dir='ltr'><strong>Hippol.</strong></span> 
     </span>
    </p>
   </div>
   <div class='ocr_carea' id='block_1_6' title="bbox 122 1861 348 1865">
    <p class='ocr_par' dir='ltr' id='par_1_6' title="bbox 122 1861 348 1865">
     <span class='ocr_line' id='line_1_22' title="bbox 122 1861 348 1865; baseline 0 0"><span class='ocrx_word' id='word_1_149' title='bbox 122 1861 348 1865; x_wconf 95' lang='lat' dir='ltr'><em> </em></span> 
     </span>
    </p>
   </div>
   <div class='ocr_carea' id='block_1_7' title="bbox 117 1898 1816 2078">
    <p class='ocr_par' dir='ltr' id='par_1_7' title="bbox 117 1898 1816 2078">
     <span class='ocr_line' id='line_1_23' title="bbox 240 1898 1816 1958; baseline 0.001 -15"><span class='ocrx_word' id='word_1_150' title='bbox 240 1905 263 1943; x_wconf 81' lang='lat'>7</span> <span class='ocrx_word' id='word_1_151' title='bbox 298 1898 568 1957; x_wconf 85' lang='grc' dir='ltr'><em>φαρμακεία</em></span> <span class='ocrx_word' id='word_1_152' title='bbox 600 1900 629 1957; x_wconf 83' lang='grc' dir='ltr'>ἡ</span> <span class='ocrx_word' id='word_1_153' title='bbox 663 1899 745 1944; x_wconf 82' lang='grc' dir='ltr'><em>διὰ</em></span> <span class='ocrx_word' id='word_1_154' title='bbox 778 1900 1042 1957; x_wconf 83' lang='grc' dir='ltr'><em>φαρμάκων</em></span> <span class='ocrx_word' id='word_1_155' title='bbox 1074 1898 1299 1957; x_wconf 78' lang='grc' dir='ltr'><em>γενομένη</em></span> <span class='ocrx_word' id='word_1_156' title='bbox 1332 1898 1522 1958; x_wconf 82' lang='grc' dir='ltr'><em>μαγεία,</em></span> <span class='ocrx_word' id='word_1_157' title='bbox 1556 1898 1816 1957; x_wconf 78' lang='grc' dir='ltr'><em>μαγγανεία</em></span> 
     </span>
     <span class='ocr_line' id='line_1_24' title="bbox 119 1957 1815 2019; baseline -0.001 -15"><span class='ocrx_word' id='word_1_158' title='bbox 119 1957 170 2004; x_wconf 78' lang='grc' dir='ltr'><em>δὲ</em></span> <span class='ocrx_word' id='word_1_159' title='bbox 202 1959 231 2016; x_wconf 87' lang='grc' dir='ltr'>ἡ</span> <span class='ocrx_word' id='word_1_160' title='bbox 265 1957 328 2003; x_wconf 85' lang='grc' dir='ltr'><em>δι’</em></span> <span class='ocrx_word' id='word_1_161' title='bbox 367 1960 559 2019; x_wconf 80' lang='grc' dir='ltr'><em>ἐπῳδῶν</em></span> <span class='ocrx_word' id='word_1_162' title='bbox 587 1961 698 2004; x_wconf 80' lang='lat' dir='ltr'><em>Ma⁸</em></span> <span class='ocrx_word' id='word_1_163' title='bbox 732 1961 863 2016; x_wconf 83' lang='lat' dir='ltr'><em>Wolf</em></span> <span class='ocrx_word' id='word_1_164' title='bbox 888 1960 944 2004; x_wconf 85' lang='lat' dir='ltr'><em>cf.</em></span> <span class='ocrx_word' id='word_1_165' title='bbox 979 1959 1121 2004; x_wconf 80' lang='lat' dir='ltr'>schol.</span> <span class='ocrx_word' id='word_1_166' title='bbox 1154 1959 1206 2004; x_wconf 90' lang='lat'><em>11.</em></span> <span class='ocrx_word' id='word_1_167' title='bbox 1240 1978 1270 2004; x_wconf 89' lang='grc' dir='ltr'><em>α</em></span> <span class='ocrx_word' id='word_1_168' title='bbox 1303 1964 1372 2003; x_wconf 89' lang='grc'><em>86.</em></span> <span class='ocrx_word' id='word_1_169' title='bbox 1408 1959 1535 2003; x_wconf 83' lang='lat' dir='ltr'><strong>Suid.</strong></span> <span class='ocrx_word' id='word_1_170' title='bbox 1569 1975 1603 2005; x_wconf 82' lang='lat' dir='ltr'><em>s.</em></span> <span class='ocrx_word' id='word_1_171' title='bbox 1638 1975 1676 2005; x_wconf 89' lang='lat' dir='ltr'><em>v.</em></span> <span class='ocrx_word' id='word_1_172' title='bbox 1709 1975 1815 2016; x_wconf 87' lang='grc' dir='ltr'><em>γοη-</em></span> 
     </span>
     <span class='ocr_line' id='line_1_25' title="bbox 117 2016 1523 2078; baseline 0 -15"><span class='ocrx_word' id='word_1_173' title='bbox 117 2016 218 2064; x_wconf 83' lang='grc' dir='ltr'><em>τεία</em></span> <span class='ocrx_word' id='word_1_174' title='bbox 342 2025 395 2063; x_wconf 82' lang='grc'><em>12</em></span> <span class='ocrx_word' id='word_1_175' title='bbox 427 2020 478 2063; x_wconf 88' lang='grc' dir='ltr'><em>τὸ</em></span> <span class='ocrx_word' id='word_1_176' title='bbox 511 2027 653 2078; x_wconf 86' lang='grc' dir='ltr'><em>γοῦν</em></span> <span class='ocrx_word' id='word_1_177' title='bbox 687 2019 898 2065; x_wconf 80' lang='grc' dir='ltr'><em>ἐνταῦθα</em></span> <span class='ocrx_word' id='word_1_178' title='bbox 931 2019 1037 2064; x_wconf 82' lang='grc' dir='ltr'><em>ἀντὶ</em></span> <span class='ocrx_word' id='word_1_179' title='bbox 1068 2026 1150 2064; x_wconf 85' lang='grc' dir='ltr'><em>τοῦ</em></span> <span class='ocrx_word' id='word_1_180' title='bbox 1183 2019 1286 2076; x_wconf 88' lang='grc' dir='ltr'><em>γάρ</em></span> <span class='ocrx_word' id='word_1_181' title='bbox 1314 2019 1523 2064; x_wconf 82' lang='lat' dir='ltr'><strong><em>MmMa⁸</em></strong></span> 
     </span>
    </p>
   </div>
   <div class='ocr_carea' id='block_1_8' title="bbox 122 2152 1826 2980">
    <p class='ocr_par' dir='ltr' id='par_1_8' title="bbox 122 2152 1826 2803">
     <span class='ocr_line' id='line_1_26' title="bbox 241 2152 1813 2211; baseline 0 -15"><span class='ocrx_word' id='word_1_182' title='bbox 241 2158 267 2196; x_wconf 81' lang='grc'>2</span> <span class='ocrx_word' id='word_1_183' title='bbox 301 2153 352 2197; x_wconf 80' lang='grc' dir='ltr'><em>δὲ</em></span> <span class='ocrx_word' id='word_1_184' title='bbox 383 2152 570 2210; x_wconf 86' lang='lat' dir='ltr'>reposui</span> <span class='ocrx_word' id='word_1_185' title='bbox 603 2167 628 2196; x_wconf 86' lang='lat' dir='ltr'>e</span> <span class='ocrx_word' id='word_1_186' title='bbox 659 2152 793 2197; x_wconf 85' lang='lat' dir='ltr'>libris</span> <span class='ocrx_word' id='word_1_187' title='bbox 871 2155 951 2198; x_wconf 79' lang='grc' dir='ltr'><em>καὶ</em></span> <span class='ocrx_word' id='word_1_188' title='bbox 983 2153 1074 2197; x_wconf 81' lang='lat' dir='ltr'><em>edd</em></span> <span class='ocrx_word' id='word_1_189' title='bbox 1125 2155 1131 2211; x_wconf 88' lang='grc' dir='ltr'>Ι</span> <span class='ocrx_word' id='word_1_190' title='bbox 1180 2152 1265 2209; x_wconf 83' lang='grc' dir='ltr'><em>τὴν</em></span> <span class='ocrx_word' id='word_1_191' title='bbox 1298 2167 1372 2197; x_wconf 92' lang='lat' dir='ltr'><em>om</em></span> <span class='ocrx_word' id='word_1_192' title='bbox 1399 2154 1489 2198; x_wconf 88' lang='lat' dir='ltr'><em>Ma</em></span> <span class='ocrx_word' id='word_1_193' title='bbox 1556 2152 1682 2197; x_wconf 81' lang='lat' dir='ltr'><strong>inser</strong></span> <span class='ocrx_word' id='word_1_194' title='bbox 1701 2152 1774 2198; x_wconf 79' lang='lat'><em>01²</em></span> <span class='ocrx_word' id='word_1_195' title='bbox 1810 2153 1813 2211; x_wconf 84' lang='grc' dir='ltr'>Ι</span> 
     </span>
     <span class='ocr_line' id='line_1_27' title="bbox 124 2208 1819 2270; baseline -0.001 -14"><span class='ocrx_word' id='word_1_196' title='bbox 124 2213 310 2270; x_wconf 82' lang='grc' dir='ltr'><em>γνώμην</em></span> <span class='ocrx_word' id='word_1_197' title='bbox 344 2213 401 2257; x_wconf 78' lang='lat' dir='ltr'><em>Vi</em></span> <span class='ocrx_word' id='word_1_198' title='bbox 522 2216 547 2255; x_wconf 86' lang='lat'><strong>3</strong></span> <span class='ocrx_word' id='word_1_199' title='bbox 581 2208 710 2268; x_wconf 86' lang='grc' dir='ltr'><em>οἶμαι</em></span> <span class='ocrx_word' id='word_1_200' title='bbox 737 2214 825 2257; x_wconf 87' lang='grc' dir='ltr'><em>Μα</em></span> <span class='ocrx_word' id='word_1_201' title='bbox 858 2213 939 2257; x_wconf 80' lang='lat' dir='ltr'><em>sed</em></span> <span class='ocrx_word' id='word_1_202' title='bbox 970 2230 1024 2270; x_wconf 79' lang='grc' dir='ltr'><em>γρ</em></span> <span class='ocrx_word' id='word_1_203' title='bbox 1057 2213 1139 2257; x_wconf 80' lang='grc' dir='ltr'><em>καὶ</em></span> <span class='ocrx_word' id='word_1_204' title='bbox 1170 2208 1278 2256; x_wconf 85' lang='grc' dir='ltr'><em>οἴδα</em></span> <span class='ocrx_word' id='word_1_205' title='bbox 1306 2212 1355 2256; x_wconf 92' lang='lat' dir='ltr'><em>in</em></span> <span class='ocrx_word' id='word_1_206' title='bbox 1379 2226 1514 2270; x_wconf 83' lang='lat' dir='ltr'><strong>marg</strong></span> <span class='ocrx_word' id='word_1_207' title='bbox 1536 2212 1606 2255; x_wconf 79' lang='lat' dir='ltr'><em>m⁸</em></span> <span class='ocrx_word' id='word_1_208' title='bbox 1631 2222 1640 2266; x_wconf 54' lang='grc' dir='ltr'><strong>ῃ</strong></span> <span class='ocrx_word' id='word_1_209' title='bbox 1667 2219 1819 2269; x_wconf 83' lang='grc' dir='ltr'><em>χρῆμα</em></span> 
     </span>
     <span class='ocr_line' id='line_1_28' title="bbox 122 2270 1826 2322; baseline 0 -7"><span class='ocrx_word' id='word_1_210' title='bbox 122 2272 296 2316; x_wconf 84' lang='lat' dir='ltr'>inserui</span> <span class='ocrx_word' id='word_1_211' title='bbox 330 2286 387 2317; x_wconf 81' lang='lat' dir='ltr'><em>ex</em></span> <span class='ocrx_word' id='word_1_212' title='bbox 411 2272 462 2316; x_wconf 91' lang='lat' dir='ltr'><strong><em>H</em></strong></span> <span class='ocrx_word' id='word_1_213' title='bbox 473 2271 802 2317; x_wconf 79' lang='lat' dir='ltr'><strong><em>VMaOlAthB</em></strong></span> <span class='ocrx_word' id='word_1_214' title='bbox 814 2273 881 2317; x_wconf 89' lang='lat' dir='ltr'><em>Va</em></span> <span class='ocrx_word' id='word_1_215' title='bbox 944 2286 1018 2317; x_wconf 90' lang='lat' dir='ltr'><em>om</em></span> <span class='ocrx_word' id='word_1_216' title='bbox 1052 2273 1173 2317; x_wconf 80' lang='lat' dir='ltr'><em>ViM</em></span> <span class='ocrx_word' id='word_1_217' title='bbox 1203 2272 1293 2315; x_wconf 85' lang='lat' dir='ltr'><em>edd</em></span> <span class='ocrx_word' id='word_1_218' title='bbox 1423 2277 1448 2316; x_wconf 91' lang='grc'><strong>6</strong></span> <span class='ocrx_word' id='word_1_219' title='bbox 1482 2270 1696 2322; x_wconf 85' lang='grc' dir='ltr'><em>ἀνοσίαις</em></span> <span class='ocrx_word' id='word_1_220' title='bbox 1719 2271 1826 2315; x_wconf 89' lang='lat' dir='ltr'><em>HV</em></span> 
     </span>
     <span class='ocr_line' id='line_1_29' title="bbox 132 2330 1818 2388; baseline -0.003 -11"><span class='ocrx_word' id='word_1_221' title='bbox 132 2333 190 2377; x_wconf 79' lang='lat' dir='ltr'><em>Vi</em></span> <span class='ocrx_word' id='word_1_222' title='bbox 334 2335 357 2374; x_wconf 85' lang='lat'><strong>7</strong></span> <span class='ocrx_word' id='word_1_223' title='bbox 401 2330 747 2387; x_wconf 84' lang='grc' dir='ltr'><em>σκαιωρήμασιν</em></span> <span class='ocrx_word' id='word_1_224' title='bbox 774 2334 862 2376; x_wconf 88' lang='grc' dir='ltr'><em>Μα</em></span> <span class='ocrx_word' id='word_1_225' title='bbox 902 2332 983 2375; x_wconf 81' lang='lat' dir='ltr'><em>sed.</em></span> <span class='ocrx_word' id='word_1_226' title='bbox 1023 2347 1074 2375; x_wconf 88' lang='grc' dir='ltr'><em>ευ</em></span> <span class='ocrx_word' id='word_1_227' title='bbox 1114 2346 1254 2388; x_wconf 77' lang='lat' dir='ltr'>supra</span> <span class='ocrx_word' id='word_1_228' title='bbox 1293 2349 1343 2376; x_wconf 87' lang='grc' dir='ltr'><em>αι</em></span> <span class='ocrx_word' id='word_1_229' title='bbox 1373 2330 1457 2385; x_wconf 76' lang='lat' dir='ltr'><em>m³‚</em></span> <span class='ocrx_word' id='word_1_230' title='bbox 1491 2332 1544 2376; x_wconf 76' lang='lat' dir='ltr'><em>Ol</em></span> <span class='ocrx_word' id='word_1_231' title='bbox 1575 2330 1656 2374; x_wconf 81' lang='lat' dir='ltr'><em>sed</em></span> <span class='ocrx_word' id='word_1_232' title='bbox 1687 2347 1738 2373; x_wconf 91' lang='grc' dir='ltr'><em>αι</em></span> <span class='ocrx_word' id='word_1_233' title='bbox 1769 2330 1818 2373; x_wconf 89' lang='lat' dir='ltr'><em>in</em></span> 
     </span>
     <span class='ocr_line' id='line_1_30' title="bbox 123 2389 1818 2448; baseline -0.002 -13"><span class='ocrx_word' id='word_1_234' title='bbox 123 2404 198 2435; x_wconf 77' lang='lat' dir='ltr'><em>ras</em></span> <span class='ocrx_word' id='word_1_235' title='bbox 229 2389 300 2433; x_wconf 82' lang='lat' dir='ltr'><em>m⁸</em></span> <span class='ocrx_word' id='word_1_236' title='bbox 331 2390 389 2434; x_wconf 85' lang='lat' dir='ltr'><em>cf.</em></span> <span class='ocrx_word' id='word_1_237' title='bbox 416 2390 476 2434; x_wconf 81' lang='lat' dir='ltr'><em>ad</em></span> <span class='ocrx_word' id='word_1_238' title='bbox 500 2405 545 2446; x_wconf 88' lang='lat' dir='ltr'><em>p.</em></span> <span class='ocrx_word' id='word_1_239' title='bbox 573 2394 742 2442; x_wconf 79' lang='lat'>680,11</span> <span class='ocrx_word' id='word_1_240' title='bbox 773 2393 821 2434; x_wconf 76' lang='lat' dir='ltr'><em>et</em></span> <span class='ocrx_word' id='word_1_241' title='bbox 845 2391 906 2435; x_wconf 83' lang='lat' dir='ltr'><em>ad</em></span> <span class='ocrx_word' id='word_1_242' title='bbox 929 2407 972 2448; x_wconf 92' lang='lat' dir='ltr'><em>p.</em></span> <span class='ocrx_word' id='word_1_243' title='bbox 1000 2395 1102 2446; x_wconf 81' lang='lat'>325,</span> <span class='ocrx_word' id='word_1_244' title='bbox 1123 2395 1176 2434; x_wconf 83' lang='lat'><em>15</em></span> <span class='ocrx_word' id='word_1_245' title='bbox 1205 2393 1210 2447; x_wconf 92' lang='grc' dir='ltr'>Ι</span> <span class='ocrx_word' id='word_1_246' title='bbox 1240 2390 1591 2448; x_wconf 75' lang='grc' dir='ltr'><em>μαγγανεύμασι</em></span> <span class='ocrx_word' id='word_1_247' title='bbox 1618 2391 1706 2434; x_wconf 86' lang='lat' dir='ltr'><em>Ma</em></span> <span class='ocrx_word' id='word_1_248' title='bbox 1738 2389 1818 2433; x_wconf 85' lang='lat' dir='ltr'><em>sed</em></span> 
     </span>
     <span class='ocr_line' id='line_1_31' title="bbox 124 2447 1819 2507; baseline 0 -15"><span class='ocrx_word' id='word_1_249' title='bbox 124 2467 177 2506; x_wconf 85' lang='grc' dir='ltr'><em>γρ</em></span> <span class='ocrx_word' id='word_1_250' title='bbox 211 2449 471 2506; x_wconf 85' lang='grc' dir='ltr'><em>μαγεύμασι</em></span> <span class='ocrx_word' id='word_1_251' title='bbox 504 2463 722 2505; x_wconf 78' lang='lat' dir='ltr'><strong>suprascr</strong></span> <span class='ocrx_word' id='word_1_252' title='bbox 750 2450 821 2493; x_wconf 79' lang='lat' dir='ltr'><em>m⁸</em></span> <span class='ocrx_word' id='word_1_253' title='bbox 896 2447 1183 2507; x_wconf 81' lang='grc' dir='ltr'><em>μαγκανείας</em></span> <span class='ocrx_word' id='word_1_254' title='bbox 1207 2451 1251 2493; x_wconf 89' lang='grc' dir='ltr'><strong><em>Β</em></strong></span> <span class='ocrx_word' id='word_1_255' title='bbox 1396 2454 1422 2494; x_wconf 91' lang='grc'>8</span> <span class='ocrx_word' id='word_1_256' title='bbox 1454 2450 1534 2493; x_wconf 81' lang='grc' dir='ltr'><em>καὶ</em></span> <span class='ocrx_word' id='word_1_257' title='bbox 1574 2452 1683 2493; x_wconf 81' lang='lat' dir='ltr'>ante</span> <span class='ocrx_word' id='word_1_258' title='bbox 1715 2450 1819 2493; x_wconf 78' lang='grc' dir='ltr'><em>δια-</em></span> 
     </span>
     <span class='ocr_line' id='line_1_32' title="bbox 125 2507 1671 2565; baseline -0.001 -12"><span class='ocrx_word' id='word_1_259' title='bbox 125 2513 256 2553; x_wconf 79' lang='grc' dir='ltr'><em>λῦσαι</em></span> <span class='ocrx_word' id='word_1_260' title='bbox 290 2510 393 2553; x_wconf 88' lang='lat' dir='ltr'><em>HV</em></span> <span class='ocrx_word' id='word_1_261' title='bbox 441 2511 448 2565; x_wconf 89' lang='grc' dir='ltr'>Ι</span> <span class='ocrx_word' id='word_1_262' title='bbox 506 2509 813 2565; x_wconf 80' lang='grc' dir='ltr'><em>ἐκπολεμῆσαι</em></span> <span class='ocrx_word' id='word_1_263' title='bbox 844 2510 902 2554; x_wconf 92' lang='lat' dir='ltr'><strong><em>H</em></strong></span> <span class='ocrx_word' id='word_1_264' title='bbox 908 2510 999 2554; x_wconf 78' lang='lat' dir='ltr'><em>Vol</em></span> <span class='ocrx_word' id='word_1_265' title='bbox 1038 2510 1119 2554; x_wconf 86' lang='lat' dir='ltr'><em>sed</em></span> <span class='ocrx_word' id='word_1_266' title='bbox 1157 2526 1186 2565; x_wconf 87' lang='grc' dir='ltr'><em>η</em></span> <span class='ocrx_word' id='word_1_267' title='bbox 1226 2510 1274 2552; x_wconf 89' lang='lat' dir='ltr'><em>in</em></span> <span class='ocrx_word' id='word_1_268' title='bbox 1316 2526 1350 2553; x_wconf 89' lang='grc' dir='ltr'>ω</span> <span class='ocrx_word' id='word_1_269' title='bbox 1392 2522 1494 2552; x_wconf 84' lang='lat' dir='ltr'>corr</span> <span class='ocrx_word' id='word_1_270' title='bbox 1534 2507 1671 2553; x_wconf 75' lang='lat' dir='ltr'><strong><em>V²Ol2</em></strong></span> 
     </span>
     <span class='ocr_line' id='line_1_33' title="bbox 126 2565 1816 2626; baseline -0.001 -14"><span class='ocrx_word' id='word_1_271' title='bbox 126 2573 150 2612; x_wconf 87' lang='grc'>9</span> <span class='ocrx_word' id='word_1_272' title='bbox 183 2568 254 2626; x_wconf 81' lang='grc' dir='ltr'><em>δὲ]</em></span> <span class='ocrx_word' id='word_1_273' title='bbox 286 2567 333 2612; x_wconf 80' lang='grc' dir='ltr'><em>τὲ</em></span> <span class='ocrx_word' id='word_1_274' title='bbox 364 2568 656 2612; x_wconf 78' lang='lat' dir='ltr'><strong><em>HMaclAth</em></strong></span> <span class='ocrx_word' id='word_1_275' title='bbox 696 2570 702 2623; x_wconf 87' lang='grc' dir='ltr'>Ι</span> <span class='ocrx_word' id='word_1_276' title='bbox 741 2567 850 2625; x_wconf 83' lang='grc' dir='ltr'><em>γένη</em></span> <span class='ocrx_word' id='word_1_277' title='bbox 872 2570 960 2613; x_wconf 85' lang='grc' dir='ltr'><em>Μα</em></span> <span class='ocrx_word' id='word_1_278' title='bbox 991 2569 1072 2612; x_wconf 82' lang='lat' dir='ltr'><em>sed</em></span> <span class='ocrx_word' id='word_1_279' title='bbox 1105 2586 1158 2624; x_wconf 87' lang='grc' dir='ltr'><em>γρ</em></span> <span class='ocrx_word' id='word_1_280' title='bbox 1192 2567 1304 2624; x_wconf 81' lang='grc' dir='ltr'><em>μέρη</em></span> <span class='ocrx_word' id='word_1_281' title='bbox 1336 2568 1385 2611; x_wconf 91' lang='lat' dir='ltr'><em>in</em></span> <span class='ocrx_word' id='word_1_282' title='bbox 1418 2581 1552 2624; x_wconf 84' lang='lat' dir='ltr'>marg</span> <span class='ocrx_word' id='word_1_283' title='bbox 1574 2566 1645 2610; x_wconf 80' lang='lat' dir='ltr'><em>m²</em></span> <span class='ocrx_word' id='word_1_284' title='bbox 1704 2565 1816 2623; x_wconf 81' lang='grc' dir='ltr'><em>μέρη</em></span> 
     </span>
     <span class='ocr_line' id='line_1_34' title="bbox 134 2625 1820 2684; baseline 0 -14"><span class='ocrx_word' id='word_1_285' title='bbox 134 2628 193 2671; x_wconf 73' lang='lat' dir='ltr'><em>Vi</em></span> <span class='ocrx_word' id='word_1_286' title='bbox 241 2630 248 2683; x_wconf 87' lang='grc' dir='ltr'>Ι</span> <span class='ocrx_word' id='word_1_287' title='bbox 297 2625 403 2684; x_wconf 90' lang='grc' dir='ltr'><em>μίση</em></span> <span class='ocrx_word' id='word_1_288' title='bbox 439 2627 497 2671; x_wconf 86' lang='lat' dir='ltr'><em>Vi</em></span> <span class='ocrx_word' id='word_1_289' title='bbox 528 2627 609 2670; x_wconf 82' lang='lat' dir='ltr'><em>sed</em></span> <span class='ocrx_word' id='word_1_290' title='bbox 640 2626 751 2683; x_wconf 86' lang='grc' dir='ltr'><em>μέση</em></span> <span class='ocrx_word' id='word_1_291' title='bbox 790 2627 839 2670; x_wconf 89' lang='lat' dir='ltr'><em>in</em></span> <span class='ocrx_word' id='word_1_292' title='bbox 871 2642 1004 2684; x_wconf 83' lang='lat' dir='ltr'>marg</span> <span class='ocrx_word' id='word_1_293' title='bbox 1035 2627 1103 2670; x_wconf 83' lang='lat' dir='ltr'><em>m²</em></span> <span class='ocrx_word' id='word_1_294' title='bbox 1179 2626 1316 2684; x_wconf 85' lang='grc' dir='ltr'><em>μίσση</em></span> <span class='ocrx_word' id='word_1_295' title='bbox 1350 2629 1440 2672; x_wconf 88' lang='lat' dir='ltr'><em>Ma</em></span> <span class='ocrx_word' id='word_1_296' title='bbox 1584 2630 1638 2670; x_wconf 92' lang='lat'><em>10</em></span> <span class='ocrx_word' id='word_1_297' title='bbox 1674 2643 1820 2684; x_wconf 84' lang='grc' dir='ltr'><em>μηχα-</em></span> 
     </span>
     <span class='ocr_line' id='line_1_35' title="bbox 127 2683 1820 2744; baseline 0 -14"><span class='ocrx_word' id='word_1_298' title='bbox 127 2691 265 2742; x_wconf 86' lang='grc' dir='ltr'><em>νῆσαι</em></span> <span class='ocrx_word' id='word_1_299' title='bbox 300 2686 357 2729; x_wconf 79' lang='lat' dir='ltr'><em>Vi</em></span> <span class='ocrx_word' id='word_1_300' title='bbox 397 2685 475 2730; x_wconf 82' lang='lat' dir='ltr'><em>sed</em></span> <span class='ocrx_word' id='word_1_301' title='bbox 517 2686 881 2744; x_wconf 78' lang='grc' dir='ltr'><em>μηχανήσασθαι</em></span> <span class='ocrx_word' id='word_1_302' title='bbox 919 2688 968 2730; x_wconf 90' lang='lat' dir='ltr'><em>in</em></span> <span class='ocrx_word' id='word_1_303' title='bbox 1008 2700 1142 2743; x_wconf 82' lang='lat' dir='ltr'>marg</span> <span class='ocrx_word' id='word_1_304' title='bbox 1175 2685 1246 2729; x_wconf 85' lang='lat' dir='ltr'><em>m²</em></span> <span class='ocrx_word' id='word_1_305' title='bbox 1390 2691 1442 2730; x_wconf 93' lang='lat'><em>11</em></span> <span class='ocrx_word' id='word_1_306' title='bbox 1484 2683 1741 2741; x_wconf 88' lang='grc' dir='ltr'><em>μιαιφόνου</em></span> <span class='ocrx_word' id='word_1_307' title='bbox 1774 2687 1820 2730; x_wconf 91' lang='grc' dir='ltr'><strong><em>Β</em></strong></span> 
     </span>
     <span class='ocr_line' id='line_1_36' title="bbox 125 2743 1821 2803; baseline -0.001 -15"><span class='ocrx_word' id='word_1_308' title='bbox 125 2747 130 2802; x_wconf 82' lang='grc' dir='ltr'>Ι</span> <span class='ocrx_word' id='word_1_309' title='bbox 169 2745 360 2803; x_wconf 81' lang='grc' dir='ltr'><em>σκηνῆς]</em></span> <span class='ocrx_word' id='word_1_310' title='bbox 394 2750 561 2801; x_wconf 72' lang='grc' dir='ltr'><em>μρ-ικῆς</em></span> <span class='ocrx_word' id='word_1_311' title='bbox 592 2745 670 2789; x_wconf 85' lang='grc' dir='ltr'><em>καὶ</em></span> <span class='ocrx_word' id='word_1_312' title='bbox 702 2750 873 2801; x_wconf 62' lang='grc' dir='ltr'><em>πρῗκῆς</em></span> <span class='ocrx_word' id='word_1_313' title='bbox 904 2747 961 2790; x_wconf 83' lang='lat' dir='ltr'><em>Vi</em></span> <span class='ocrx_word' id='word_1_314' title='bbox 1002 2749 1009 2802; x_wconf 89' lang='grc'>1</span> <span class='ocrx_word' id='word_1_315' title='bbox 1060 2746 1197 2800; x_wconf 82' lang='grc' dir='ltr'><em>μεστὰ</em></span> <span class='ocrx_word' id='word_1_316' title='bbox 1227 2746 1278 2788; x_wconf 73' lang='lat' dir='ltr'><em>(Jl</em></span> <span class='ocrx_word' id='word_1_317' title='bbox 1310 2745 1391 2787; x_wconf 87' lang='lat' dir='ltr'><em>sed</em></span> <span class='ocrx_word' id='word_1_318' title='bbox 1424 2743 1532 2788; x_wconf 80' lang='grc' dir='ltr'><em>εστὰ</em></span> <span class='ocrx_word' id='word_1_319' title='bbox 1563 2744 1609 2787; x_wconf 88' lang='lat' dir='ltr'><em>in</em></span> <span class='ocrx_word' id='word_1_320' title='bbox 1644 2757 1718 2787; x_wconf 82' lang='lat' dir='ltr'><em>ras</em></span> <span class='ocrx_word' id='word_1_321' title='bbox 1749 2743 1821 2787; x_wconf 76' lang='lat' dir='ltr'><em>m’</em></span> 
     </span>
    </p>

    <p class='ocr_par' dir='ltr' id='par_1_9' title="bbox 129 2802 1820 2980">
     <span class='ocr_line' id='line_1_37' title="bbox 249 2802 1820 2860; baseline 0 -13"><span class='ocrx_word' id='word_1_322' title='bbox 249 2809 303 2847; x_wconf 83' lang='lat'><em>12</em></span> <span class='ocrx_word' id='word_1_323' title='bbox 337 2803 427 2859; x_wconf 83' lang='grc' dir='ltr'><em>δρά</em></span> <span class='ocrx_word' id='word_1_324' title='bbox 457 2820 579 2860; x_wconf 84' lang='grc' dir='ltr'><em>ματα</em></span> <span class='ocrx_word' id='word_1_325' title='bbox 613 2818 717 2847; x_wconf 86' lang='lat' dir='ltr'><em>cum</em></span> <span class='ocrx_word' id='word_1_326' title='bbox 747 2817 822 2848; x_wconf 78' lang='lat' dir='ltr'><em>ras</em></span> <span class='ocrx_word' id='word_1_327' title='bbox 859 2810 880 2848; x_wconf 90' lang='lat'>1</span> <span class='ocrx_word' id='word_1_328' title='bbox 914 2805 994 2849; x_wconf 74' lang='lat' dir='ltr'><strong>litt</strong></span> <span class='ocrx_word' id='word_1_329' title='bbox 1026 2807 1132 2848; x_wconf 76' lang='lat' dir='ltr'><strong>ante</strong></span> <span class='ocrx_word' id='word_1_330' title='bbox 1165 2821 1195 2859; x_wconf 92' lang='grc' dir='ltr'><em>μ</em></span> <span class='ocrx_word' id='word_1_331' title='bbox 1230 2805 1298 2849; x_wconf 88' lang='lat' dir='ltr'><em>Va</em></span> <span class='ocrx_word' id='word_1_332' title='bbox 1436 2809 1491 2847; x_wconf 87' lang='lat'><em>14</em></span> <span class='ocrx_word' id='word_1_333' title='bbox 1524 2802 1820 2859; x_wconf 80' lang='grc' dir='ltr'><em>ἡμερωτάτην</em></span> 
     </span>
     <span class='ocr_line' id='line_1_38' title="bbox 129 2860 1820 2920; baseline 0 -13"><span class='ocrx_word' id='word_1_334' title='bbox 129 2863 235 2907; x_wconf 88' lang='lat' dir='ltr'><em>HV</em></span> <span class='ocrx_word' id='word_1_335' title='bbox 373 2867 426 2907; x_wconf 81' lang='lat'><em>15</em></span> <span class='ocrx_word' id='word_1_336' title='bbox 459 2862 671 2920; x_wconf 78' lang='grc' dir='ltr'><em>βιάζηται</em></span> <span class='ocrx_word' id='word_1_337' title='bbox 698 2865 787 2908; x_wconf 88' lang='grc' dir='ltr'><em>Μα</em></span> <span class='ocrx_word' id='word_1_338' title='bbox 818 2863 899 2907; x_wconf 80' lang='lat' dir='ltr'><em>sed</em></span> <span class='ocrx_word' id='word_1_339' title='bbox 931 2881 960 2920; x_wconf 85' lang='grc' dir='ltr'><em>η</em></span> <span class='ocrx_word' id='word_1_340' title='bbox 992 2864 1042 2907; x_wconf 85' lang='lat' dir='ltr'><em>in</em></span> <span class='ocrx_word' id='word_1_341' title='bbox 1072 2877 1148 2907; x_wconf 81' lang='lat' dir='ltr'><em>ras</em></span> <span class='ocrx_word' id='word_1_342' title='bbox 1179 2863 1248 2906; x_wconf 76' lang='lat' dir='ltr'><em>m³</em></span> <span class='ocrx_word' id='word_1_343' title='bbox 1391 2866 1443 2906; x_wconf 89' lang='lat'><em>16</em></span> <span class='ocrx_word' id='word_1_344' title='bbox 1477 2860 1730 2920; x_wconf 51' lang='lat' dir='ltr'><em>&amp;suffiae</em></span> <span class='ocrx_word' id='word_1_345' title='bbox 1751 2863 1820 2907; x_wconf 85' lang='lat' dir='ltr'><em>Va</em></span> 
     </span>
     <span class='ocr_line' id='line_1_39' title="bbox 130 2920 1818 2980; baseline -0.001 -15"><span class='ocrx_word' id='word_1_346' title='bbox 130 2921 212 2965; x_wconf 82' lang='lat' dir='ltr'><em>sed</em></span> <span class='ocrx_word' id='word_1_347' title='bbox 243 2922 296 2979; x_wconf 79' lang='grc' dir='ltr'><em>γξ</em></span> <span class='ocrx_word' id='word_1_348' title='bbox 327 2922 375 2965; x_wconf 88' lang='lat' dir='ltr'><em>in</em></span> <span class='ocrx_word' id='word_1_349' title='bbox 407 2935 483 2966; x_wconf 78' lang='lat' dir='ltr'><em>ras</em></span> <span class='ocrx_word' id='word_1_350' title='bbox 514 2922 584 2965; x_wconf 80' lang='lat' dir='ltr'><em>m’</em></span> <span class='ocrx_word' id='word_1_351' title='bbox 646 2921 839 2980; x_wconf 78' lang='grc' dir='ltr'><em>ἐλέγξεις</em></span> <span class='ocrx_word' id='word_1_352' title='bbox 863 2923 922 2967; x_wconf 89' lang='grc' dir='ltr'>Η</span> <span class='ocrx_word' id='word_1_353' title='bbox 975 2920 1156 2979; x_wconf 79' lang='grc' dir='ltr'><em>ἐλέγξῃς</em></span> <span class='ocrx_word' id='word_1_354' title='bbox 1189 2922 1259 2978; x_wconf 67' lang='lat' dir='ltr'><em>Vl</em></span> <span class='ocrx_word' id='word_1_355' title='bbox 1288 2921 1391 2966; x_wconf 79' lang='grc' dir='ltr'><em>οὔτε</em></span> <span class='ocrx_word' id='word_1_356' title='bbox 1417 2947 1471 2954; x_wconf 89' lang='grc'>-</span> <span class='ocrx_word' id='word_1_357' title='bbox 1497 2925 1598 2975; x_wconf 84' lang='grc'>664,</span> <span class='ocrx_word' id='word_1_358' title='bbox 1619 2927 1638 2964; x_wconf 90' lang='grc'>1</span> <span class='ocrx_word' id='word_1_359' title='bbox 1674 2938 1818 2979; x_wconf 81' lang='grc' dir='ltr'><em>μηχα-</em></span> 
     </span>
    </p>
   </div>
  </div>
 </body>
</html>
