2014 3158
528 97 814 142 DAMNATI
844 97 1027 142 EXILII
1057 97 1298 141 ΡΕΤΙΤΙΟ
1657 96 1764 149 527

68 234 449 302 διηγούμενος,
489 234 582 286 ἵνα
620 238 695 306 τῷ
726 231 948 302 μεγέθει
989 242 1102 286 τῶν
1141 232 1502 303 ἀτυχημάτων
1542 231 1768 286 ἑλκύσαι

68 323 290 392 δυνηθῇ
338 325 468 385 τοὺς
514 322 784 391 ἀκροατὰς
835 323 975 390 πρὸς
1020 318 1193 375 ἔλεον.
1255 323 1305 375 2.
1353 323 1441 375 δεῖ
1485 319 1547 374 δὲ
1598 322 1768 375 αὐτὸν

68 413 371 481 φαίνεσθαι
409 418 690 481 πανταχοῦ
722 420 837 473 τοῖς
869 411 1153 473 δικασταῖς
1185 410 1566 479 ὁμολογοῦντα
1606 410 1768 480 χάριν

65 499 156 553 καὶ
194 500 428 567 μάλιστα
478 508 593 563 τοῖς
633 498 1170 569 φιλανθρωποτέραν
1217 498 1477 568 θεμένοις
1519 499 1624 567 τὴν
1663 506 1764 567 ψῆ-

67 609 202 658 φον,
242 590 334 642 ἵνα
373 589 463 642 καὶ
506 590 608 657 τὴν
645 598 757 642 τῶν
803 588 1124 642 ἀκουόντων
1164 591 1596 657 φιλανθρωπίαν
1633 609 1763 659 καρ-
1812 609 1832 642 5

66 679 327 747 πώσηται.
367 679 429 731 τὸ
469 679 574 745 γὰρ
615 677 932 747 ἀχαριστεῖν
969 688 1086 740 τοῖς
1117 677 1372 746 φθάσασι
1403 676 1494 730 καὶ
1526 678 1629 746 τὴν
1660 676 1765 730 ἀπὸ

67 776 181 820 τῶν
220 763 389 830 αὖθις
428 766 748 820 ἀκουόντων
787 769 897 835 ἔχει
936 766 1300 834 κατάγνωσιν.
1341 766 1390 819 3.
1433 769 1674 835 ζητήσειε
1706 765 1766 819 δ’

68 856 137 908 ἄν
176 876 259 918 τις
296 858 534 924 πότερον
582 852 655 907 δι’
703 853 903 908 ἑαυτοῦ
951 862 1024 927 τῷ
1071 857 1218 927 λόγῳ
1264 857 1523 926 χρήσεται
1560 854 1593 923 ἢ
1634 870 1764 908 συν-

66 946 276 1014 ηγόρου
331 945 595 1012 δεήσεται.
653 945 822 1012 φύσει
876 945 981 1014 γὰρ
1035 954 1152 1006 τοῖς
1205 943 1419 1011 ἀτίμοις
1468 947 1651 1012 λόγων
1697 944 1764 997 οὐ

66 1031 328 1101 μέτεστιν.
387 1033 519 1102 ὅπερ
569 1032 597 1085 ὁ
646 1033 967 1101 σοφώτατος
1020 1031 1394 1102 Δημοσθένης
1448 1033 1608 1095 εἰδὼς
1659 1034 1764 1101 ἤδη
1792 1055 1833 1087 ιο

23 1120 557 1189 ΰκαταγνωσθέντος
609 1129 710 1174 τοῦ
766 1122 1098 1190 Στράτωνος
1158 1126 1314 1175 καλεῖ
1372 1129 1576 1175 τοῦτον
1627 1123 1766 1191 πρὸς

65 1213 193 1273 τοὺς
234 1211 554 1275 δικάζοντας
593 1209 684 1264 καὶ
724 1207 864 1280 ὑπὲρ
904 1211 1078 1263 αὐτοῦ
1118 1211 1441 1264 συνίσταται
1472 1210 1564 1264 καὶ
1594 1211 1766 1263 πάλιν

65 1298 127 1353 ἐν
164 1307 238 1370 τῷ
278 1301 418 1369 πρὸς
455 1299 817 1368 Εὐβουλίδην
857 1301 1063 1368 εἰσάγει
1110 1300 1245 1369 μετὰ
1293 1300 1394 1368 τὴν
1440 1307 1540 1352 τοῦ
1581 1301 1763 1368 δήμου

65 1391 251 1459 κρίσιν
289 1387 380 1442 καὶ
419 1389 768 1458 κατάγνωσιν
808 1390 1033 1452 οἰκείοις
1078 1390 1177 1442 τὸν
1223 1390 1328 1458 ἤδη
1368 1388 1635 1458 κριθέντα
1674 1391 1763 1442 λό-

66 1498 185 1546 γοις
225 1478 521 1547 χρώμενον.
573 1477 623 1530 4.
665 1477 911 1531 ἐνταῦθα
950 1475 1012 1531 δὲ
1050 1478 1112 1530 τὸ
1153 1485 1378 1547 πρᾶγμα
1415 1477 1764 1530 παντάπασιν
1792 1500 1831 1532 15

66 1568 295 1634 ἄπορον.
349 1567 476 1620 οὔτε
519 1567 623 1636 γὰρ
661 1566 1034 1637 <παραγραφῇ
1081 1566 1246 1634 offis>
1284 1565 1470 1634 ἐφέσει
1511 1565 1763 1635 ἀγωνίζε-

64 1674 172 1724 ται,
206 1653 213 1726 Ι
249 1657 342 1709 ἴνα
395 1655 485 1708 καὶ
537 1663 615 1725 φῇ
670 1656 744 1718 ὡς
792 1657 940 1724 παρὰ
986 1656 1150 1724 δίκην
1195 1655 1582 1724 κατέγνωσται,
1628 1660 1749 1704 RIV
1767 1666 1852 1705 503

10 1806 13 1808 v
66 1743 182 1798 ἀλλ’
243 1745 398 1814 ἡμεῖς
452 1743 744 1811 εἰσάγομεν
806 1745 1031 1806 οἰκείοις
1091 1745 1190 1797 τὸν
1251 1744 1517 1814 κριθέντα
1575 1747 1764 1813 λόγοις

66 1834 351 1902 χρώμενον
391 1833 459 1886 οὐ
497 1842 706 1900 πρῶτοι
744 1840 908 1886 τοῦτο
947 1831 1039 1885 καὶ
1077 1836 1241 1900 μόνοι
1272 1836 1763 1902 νομοθετήσαντες,

66 1931 181 1984 τοῖς
229 1922 291 1975 δὲ
345 1920 685 1991 σοφωτέροις
737 1931 850 1974 τῶν
902 1923 1009 1989 πρὸ
1064 1921 1221 1991 ἡμῶν
1268 1921 1762 1990 ἀκολουθήσαντες.
1788 1945 1831 1976 20

66 2011 128 2063 τὸ
170 2009 230 2063 δὲ
271 2010 647 2074 ἀπειροκάλων
686 2010 985 2078 ὑπομένειν
1025 2010 1194 2074 δόξαν
1226 2012 1531 2080 φεύγοντες
1569 2019 1763 2064 τοσοῦ-

187 2177 239 2215 11
267 2171 395 2215 Dem.
421 2171 534 2214 Mid.
561 2175 586 2224 ξ
605 2175 660 2214 95
785 2176 839 2214 13
863 2171 994 2217 Dem.
1012 2171 1182 2216 Eubul.
1207 2176 1232 2226 ξ
1252 2177 1276 2216 6
1299 2173 1348 2216 et
1371 2177 1427 2216 56
1550 2177 1604 2216 16
1629 2171 1759 2215 Dem.

65 2230 232 2274 Eubul.
266 2237 291 2284 ξ
317 2235 342 2274 6
374 2246 418 2287 p.
447 2234 619 2285 1301‚3

187 2383 210 2421 1
251 2377 525 2436 ἀτυχμάτων
552 2377 666 2422 Mol
704 2377 784 2421 sed
822 2378 871 2421 in
909 2379 1108 2434 utroque
1147 2380 1223 2422 δικ
1264 2379 1312 2423 in
1350 2395 1434 2436 τυχ
1474 2392 1574 2422 corr
1604 2378 1687 2431 111²,
1716 2379 1762 2422 B

69 2437 151 2481 sed
181 2453 295 2495 τυχη
327 2437 376 2480 in
407 2452 483 2480 ras
545 2437 845 2492 ἀδικημάτων
878 2438 946 2481 Va
973 2438 980 2496 Ι
1010 2437 1194 2482 ἑλκύσαι
1220 2439 1290 2483 Va
1314 2438 1395 2482 sed
1426 2440 1480 2482 λκ
1511 2438 1560 2480 in
1590 2450 1668 2480 ras
1692 2436 1764 2480 m*

128 2495 314 2540 ἑλκῦσαι
338 2497 476 2540 PAth
507 2496 587 2539 sed
619 2495 669 2538 in
701 2496 831 2539 hoc
861 2496 911 2540 in
941 2496 952 2510 '
988 2510 1089 2540 corr
1234 2502 1260 2540 2
1294 2498 1359 2548 εἰς
1382 2498 1477 2542 Ath
1619 2501 1646 2539 4
1677 2495 1762 2552 τὴν

69 2567 143 2598 om
170 2556 260 2599 Ma
381 2560 404 2598 7
439 2554 617 2610 ζητήσει
644 2556 890 2600 MAthMa
1010 2561 1035 2599 9
1067 2555 1211 2613 λέγων
1239 2557 1291 2602 ΟΖ
1421 2561 1473 2600 10
1506 2554 1682 2612 μέτεστι
1710 2555 1762 2600 ΟΖ

190 2619 241 2657 11
277 2614 539 2671 στράχωνος
561 2615 655 2658 Ath
717 2613 954 2669 ςράτωρος
985 2616 1054 2658 Va
1184 2620 1239 2659 12
1273 2616 1417 2659 αὑτοῦ
1450 2573 1537 2658 Ῡαμ
1551 2614 1641 2658 edd

71 2676 125 2715 16
157 2679 448 2730 παραγραφῇ
482 2672 587 2717 οὔτε
618 2673 794 2716 inserui
833 2675 1023 2718 auctore
1053 2674 1122 2718 Re
1155 2676 1195 2731 („
1201 2681 1285 2719 aut
1316 2673 1426 2718 οὐδὲ
1458 2674 1537 2731 leq.
1571 2679 1633 2717 est
1664 2678 1762 2727 aut,

0 2786 1 2790 Ἰ
68 2732 110 2775 si
141 2731 246 2776 οὔτε
276 2738 504 2786 servatur,
544 2734 663 2776 deest
693 2733 894 2788 aliquid,
933 2747 967 2777 e.
1001 2747 1035 2778 ο.
1069 2733 1174 2778 οὔτε
1213 2733 1301 2790 γὰρ
1333 2739 1622 2789 παραγραφῇ
1655 2729 1754 2776 οὔτ’

0 2791 1 2801 ’
70 2788 247 2845 ἐφέσει“
252 2793 268 2847 )
331 2805 405 2835 om
432 2766 542 2834 libri
574 2791 665 2835 edd
795 2796 848 2834 17
882 2790 1007 2849 φήση
1033 2794 1093 2837 Μ
1102 2793 1171 2837 Va
1314 2796 1368 2835 18
1401 2791 1641 2848 εἰσήγομεν
1667 2791 1762 2835 Ath

70 2848 320 2906 εἰσάγωμεν
354 2851 422 2894 Va
448 2852 454 2906 Ι
481 2851 717 2907 χρώμενον
748 2847 901 2906 λόγοις
926 2851 995 2895 Va
1119 2855 1173 2894 19
1206 2851 1443 2908 χρώμενον
1468 2851 1514 2894 Ρ
1542 2850 1622 2893 sed
1648 2851 1759 2907 ώμε-

70 2923 152 2951 νον
185 2907 234 2951 in
263 2922 340 2952 ras
371 2908 442 2951 m'
562 2914 615 2952 21
649 2915 839 2953 τοσοῦτο
867 2910 981 2955 Mol
