2044 3168
253 109 362 163 268
647 109 832 153 LIBAN
832 109 876 153 11
906 107 1299 154 DECLAMATIO
1331 109 1566 155 XXXVIII

254 243 303 298 δ’
340 246 411 298 ἂν
449 244 541 298 καὶ
579 244 721 314 ὑμᾶς
759 245 1095 315 ὀργισθῆναι
1135 243 1226 299 καὶ
1267 247 1370 299 δύο
1402 252 1502 317 μιᾷ
1538 246 1945 317 διαπράξασθαι

251 335 438 406 ψήφῳ,
479 335 641 403 δίκην
679 354 737 387 τε
775 331 915 403 ὑπὲρ
952 329 1034 388 ὧν
1063 333 1170 402 ἐγὼ
1200 333 1458 387 πέπονθα
1491 337 1682 403 λαβεῖν
1712 333 1804 389 καὶ
1833 345 1950 400 τοῖς
2034 355 2039 397 ‘2

254 423 407 476 οὔπω
454 422 627 476 ταύτά
671 443 766 492 μοι
812 424 1124 477 πεπονθόσι
1172 423 1499 534 διατἏρῆσαι
1545 426 1678 488 τοὺς
1723 425 1946 493 γάμους.

252 513 308 565 οἳ
352 513 444 565 καὶ
489 517 701 579 μᾶλλον
749 512 883 581 ἐμοῦ
929 513 1301 582 κερδανοῦσιν
1354 510 1460 565 άπὸ
1515 520 1613 582 τῆς
1660 514 1828 582 δίκης.
1881 514 1950 567 τὰ
2038 520 2041 528 ’

206 619 227 654 5
251 597 354 670 μὲν
392 602 496 669 γὰρ
536 600 638 670 ἐμοὶ
676 602 830 667 κακά,
868 600 974 654 κᾶν
1012 603 1272 672 μυριάκις
1310 598 1473 664 οὗτος
1524 602 1811 673 ἀποθάνῃ,
1857 622 1947 670 με-

251 699 341 743 νεῖ
374 688 466 743 καὶ
505 689 693 754 οὐδεὶς
730 690 801 743 ἂν
840 691 1098 759 δικαστὴς
1137 687 1305 744 οὐδὲν
1344 690 1529 744 αὐτῶν
1560 694 1725 745 λῦσαι
1757 692 1948 744 δύναι-

251 798 332 846 το,
370 789 488 842 τοῖς
527 777 575 831 δ’
624 779 776 833 οὔπω
817 780 1017 832 τούτου
1057 789 1255 843 πεῖραν
1296 777 1357 833 ἐν
1395 788 1514 843 ταῖς
1553 778 1765 833 ἑαυτῶν
1803 781 1947 848 εἰλη-

252 870 386 936 φόσι
425 866 682 936 γυναιξὶν
721 867 950 937 ὑπάρξει
990 870 1053 922 τὸ
1092 865 1230 937 μηδὲ
1262 871 1454 936 λαβεῖν
1491 868 1636 922 ποτέ.
1676 869 1726 921 4.
1767 870 1815 921 εἰ
1845 866 1948 935 μὲν

252 952 356 1009 οὖν
404 957 678 1010 ἐλάνθανε
723 958 825 1026 τὴν
869 958 1034 1010 πόλιν
1078 959 1145 1010 τὰ
1189 960 1366 1029 τούτῳ
1415 957 1772 1028 πεπραγμένα
1809 955 1949 1010 καθ’

185 1066 228 1099 ιο
250 1045 431 1114 ἡμῶν,
479 1045 607 1109 ἴσως
655 1044 726 1098 ἂν
771 1044 864 1098 ὑπ’
912 1047 1177 1116 αἰσχύνης
1229 1043 1503 1116 ἔκρυπτον
1554 1055 1730 1117 σιωπῇ
1778 1046 1950 1099 κακὸν
2030 1041 2034 1044 ⁴

252 1134 652 1203 ἀγνοούμενον·
702 1133 817 1189 ἐπεὶ
866 1132 927 1188 δὲ
975 1136 1157 1188 πολὺν
1206 1135 1312 1204 ἤδη
1353 1137 1559 1205 χρόνον
1597 1134 1853 1204 λέγοντές
1890 1154 1949 1188 τε

252 1221 342 1276 καὶ
375 1222 672 1286 ἀκούοντες
701 1225 827 1293 περὶ
858 1224 1073 1277 τούτων
1105 1224 1172 1276 οὐ
1202 1223 1506 1293 πέπαυσθε,
1539 1227 1710 1292 λόγον
1741 1223 1946 1277 οὐδένα

251 1314 361 1381 ἔχει
401 1323 686 1366 κατοκνεῖν
727 1311 819 1379 ε’μὲ
850 1318 1170 1382 μνησθῆναι
1202 1313 1340 1381 πρὸς
1371 1312 1512 1382 ὑμᾶς
1544 1308 1623 1365 ὧν
1655 1312 1788 1366 οὐδὲ
1817 1315 1948 1375 τοὺς

163 1406 283 1451 RIV
301 1412 387 1450 554
433 1403 632 1470 κομιδῆ
667 1399 674 1473 Ι
709 1401 871 1464 νεόυς
909 1401 1181 1470 ἀνηκόους
1220 1395 1360 1454 εἶναι
1400 1404 1616 1470 νομίζω.

185 1511 228 1546 15
365 1490 412 1544 5.
453 1489 563 1544 Καὶ
595 1492 832 1559 μάλιστα
864 1488 967 1559 μὲν
999 1487 1150 1558 οἶμαι
1185 1492 1388 1544 δώσειν
1418 1489 1641 1544 τουτονὶ
1680 1492 1947 1560 τιμωρίαν

253 1576 332 1633 ὧν
365 1580 431 1633 οὐ
465 1580 722 1648 βούλεται
756 1589 1088 1649 σωφρονεῖν,
1130 1580 1177 1632 εἰ
1215 1580 1287 1648 μὴ
1329 1580 1396 1647 δὴ
1436 1581 1759 1649 τηλικοῦτός
1797 1577 1947 1633 ἐστιν

372 1715 398 1754 8
414 1708 569 1766 τρίτον
587 1708 835 1767 προοίμιον
853 1710 900 1764 ἐξ
916 1710 1192 1766 ὑπολήψεως
1204 1711 1350 1754 Mrubr
1403 1709 1560 1766 τρίτου
1575 1707 1824 1766 προοιμίου
1835 1709 1948 1754 Ma²

373 1820 394 1858 1
430 1813 481 1858 δὲ
513 1814 677 1870 Doxap
705 1816 712 1870 Ι
741 1811 801 1858 ἂν
833 1829 907 1858 om
939 1813 1103 1869 Doxap
1136 1815 1254 1871 „lege
1277 1810 1364 1858 αὖ“
1391 1814 1459 1857 Re
1492 1813 1566 1857 cui
1598 1812 1844 1857 oblocutus
1876 1815 1948 1857 cst

251 1874 487 1918 Iacobsius
520 1874 633 1917 Lecta
658 1877 743 1918 128
793 1877 799 1927 Ι
846 1874 965 1930 ὑμᾶς
991 1875 1054 1917 M
1087 1874 1168 1917 sed
1201 1890 1258 1924 ας
1286 1873 1335 1916 in
1368 1890 1414 1918 ιν
1447 1887 1549 1916 corr
1578 1887 1608 1930 y
1752 1877 1777 1915 2
1814 1873 1943 1927 „som

252 1931 389 1989 δίκην
416 1930 458 1976 τ’
488 1932 564 1990 ἐμὲ
597 1932 741 1985 ὑπὲρ“
776 1932 843 1976 Re
875 1933 951 1976 cui
983 1932 1227 1976 oblocutus
1260 1935 1332 1976 esi:
1360 1932 1600 1976 Iacobsius
1629 1933 1635 1988 Ι
1661 1932 1746 1988 τὴν
1779 1931 1942 1987 Doxap

257 1993 261 2051 Ι
296 1992 519 2037 πέπονθα
543 1993 619 2036 La
659 1993 738 2035 sed
779 2009 834 2047 γρ
874 1990 1159 2036 ἐπεπόνθειν
1200 1992 1250 2034 in
1291 2005 1426 2048 marg
1455 2007 1477 2037 s
1619 1997 1645 2033 3
1684 2007 1763 2048 μοι
1799 1997 1946 2035 ταῦτα

251 2052 302 2094 in
332 2050 480 2095 ταῦτά
511 2068 587 2108 μοι
620 2065 722 2095 corr
746 2051 858 2094 Ma3
906 2053 913 2108 Ι
962 2053 1291 2107 ὃιατηρεῖσθαι
1321 2050 1484 2106 Doxap
1619 2055 1644 2093 5
1677 2048 1804 2107 μένει
1834 2049 1944 2093 libri

253 2114 300 2154 cb
331 2128 385 2167 γρ
418 2110 467 2153 in
498 2124 632 2166 marg
663 2111 765 2153 Mor
826 2124 928 2154 corr
952 2110 1062 2154 Fen·
1199 2115 1224 2152 6
1258 2108 1377 2154 οὕτω
1404 2111 1493 2154 Μα
1524 2109 1604 2154 sed
1638 2106 1697 2152 ἂν
1730 2122 1946 2166 suprascr

253 2169 323 2213 m²
445 2174 468 2212 7
501 2170 683 2219 τούτοις
714 2169 878 2225 Doxap
914 2171 921 2225 Ι
954 2170 1124 2213 τούτου
1154 2171 1263 2224 post
1291 2177 1460 2224 πεῖραν
1491 2171 1621 2226 repet
1646 2168 1706 2211 M
1746 2170 1752 2225 Ι
1791 2170 1944 2212 αὐτῶν

253 2274 329 2318 La
354 2272 516 2328 Doxap
638 2276 664 2315 8
697 2229 894 2330 ὑπάρξει
912 2274 980 2318 Va
1007 2277 1013 2328 Ι
1041 2272 1101 2329 μὴ
1127 2273 1178 2316 δὲ
1202 2273 1337 2317 ΜαΒ
1366 2274 1371 2327 Ι
1399 2272 1441 2316 εἰ
1464 2297 1520 2304 -
1547 2276 1599 2315 11
1627 2272 1943 2327 ἀγνοούμενον

252 2332 509 2389 praemisso
540 2331 681 2375 titulo
714 2332 832 2375 κατὰ
864 2339 1029 2389 μοιχοῦ
1055 2332 1172 2375 citat
1193 2331 1427 2375 Planudes
1450 2329 1585 2374 floril.
1609 2330 1689 2374 fol.
1718 2335 1825 2374 105v

255 2396 310 2434 10
343 2388 415 2434 ἐπ’
447 2392 522 2435 La
554 2391 635 2434 scd
666 2388 747 2434 ὑπ’
785 2405 1001 2447 suprascr
1030 2405 1066 2445 s,
1099 2391 1208 2434 Feri·
1247 2393 1255 2447 Ι
1299 2396 1446 2446 σιωπῆ
1471 2391 1546 2434 La
1577 2390 1659 2433 sed
1697 2403 1773 2434 ras
1808 2395 1830 2432 1
1863 2388 1944 2432 litt

252 2452 361 2507 post
391 2457 419 2506 ῆ
542 2455 594 2493 11
630 2449 728 2494 ἐπεὶ
754 2451 829 2494 La
860 2451 941 2493 sed
971 2464 1048 2493 ras
1083 2455 1104 2492 1
1131 2450 1212 2493 litt
1243 2451 1351 2492 ante
1382 2464 1417 2492 π
1539 2454 1592 2492 12
1625 2449 1835 2493 παύεσθε
1854 2450 1942 2493 Μα

253 2510 335 2553 sed
367 2526 422 2566 γρ
454 2507 700 2553 πέπαυσθε
732 2522 946 2564 suprascr
975 2509 1060 2564 m²‚
1084 2510 1130 2553 B
1265 2513 1319 2551 13
1352 2507 1443 2565 ἔχει
1475 2508 1641 2563 scripsi
1672 2520 1697 2551 e
1724 2509 1785 2552 M
1849 2503 1941 2564 εἶχε

251 2568 422 2624 reliqui
455 2567 563 2611 libri
595 2568 686 2611 edd
714 2568 721 2626 Ι
755 2567 831 2624 ἐμὲ
856 2569 932 2611 La
965 2568 1044 2611 sed
1076 2581 1151 2611 ras
1187 2573 1208 2611 1
1235 2567 1315 2611 litt
1345 2569 1452 2624 posi}
1483 2566 1504 2611 ὲ
1565 2581 1640 2610 om
1664 2568 1710 2611 B
1738 2570 1745 2623 1
1772 2572 1941 2623 μεμνῆ-

254 2631 369 2671 σθαι
393 2628 468 2672 La
499 2628 579 2671 sed
614 2644 664 2669 αι
694 2627 743 2670 in
774 2641 849 2670 ras
878 2641 901 2671 s
935 2629 942 2682 Ι
984 2626 1043 2683 μὴ
1077 2627 1128 2671 δὲ
1153 2628 1229 2671 La
1352 2631 1405 2670 14
1436 2625 1602 2682 κομιδὴ
1628 2627 1704 2670 La
1734 2625 1817 2669 sed
1841 2624 1852 2639 ⁸
1891 2625 1941 2668 in

251 2701 328 2729 ras
358 2687 388 2740 f
441 2687 610 2742 κομιδῇ
642 2685 811 2742 reliqui
842 2685 951 2729 libri
983 2686 1085 2730 Mor
1108 2686 1174 2729 Re
1201 2688 1207 2742 Ι
1235 2683 1468 2741 ἀνηκόους
1491 2686 1566 2729 La
1597 2685 1679 2728 sed
1709 2699 1787 2728 ras
1814 2690 1835 2727 1
1863 2683 1942 2728 litt

254 2749 363 2789 ante
388 2745 418 2788 ἀ
541 2748 594 2788 16
627 2745 669 2788 εἰ
698 2745 759 2801 μὴ
792 2744 850 2800 δὴ
882 2744 1048 2800 scripsi
1080 2746 1268 2788 auctore
1290 2743 1499 2788 Iacobsio
1531 2744 1645 2787 Lcct
1704 2743 1746 2787 εἰ
1775 2741 1822 2787 δ’
1851 2742 1939 2798 ἤδη

253 2803 363 2847 libri
406 2804 498 2848 edd
540 2803 622 2847 sed
665 2810 795 2859 „post
835 2803 1097 2848 δεδοικέναι
1139 2802 1318 2860 μηδένα
1359 2805 1545 2859 (269,3)
1589 2803 1708 2847 deest
1748 2802 1939 2858 aliquid.

254 2862 498 2913 κολαστέος
531 2861 634 2918 ἤδη,
667 2861 744 2907 ἵνα
776 2862 837 2919 μὴ
869 2862 1115 2918 τυραννίδι
1138 2864 1374 2919 ἐπιθῆται,
1407 2855 1435 2919 ᾖ
1462 2861 1610 2907 ἔοικεν
1636 2860 1940 2918 ἐπιχειρήσειν

253 2923 322 2966 vel
351 2924 496 2967 simile
525 2922 665 2978 φυτοῦ*
696 2921 763 2965 Re
