2044 3168
223 106 331 158 242
608 103 611 106 ’
635 105 877 151 ΙΛΙΒΑΝῙΙ
895 102 1289 151 DECLAMATIO
1322 100 1545 151 XXXVII
1564 110 1569 136 ’-

222 244 476 310 φυγόντα
521 244 741 296 πώποτε
787 244 1047 311 μεγάλαις
1100 244 1219 311 ἥκει
1274 242 1395 296 τὸν
1427 250 1567 296 νοῦν
1613 243 1921 313 ἀναρτήσας

223 329 403 384 ἐλπίσι
443 332 534 384 καὶ
573 343 739 384 νικᾶν
779 334 1140 402 σοφιζόμενος
1188 336 1360 384 οἴεται
1410 331 1628 393 πάντως
1675 330 1742 384 ὃν
1789 331 1920 386 οὐδὲ

220 425 509 488 μιμεῖσθαι
535 422 844 489 μαχόμενος
871 422 1088 489 ἤθελεν.
1130 420 1236 487 ἐγὼ
1270 417 1331 472 δὲ
1362 424 1506 489 βῆμα
1537 418 1628 472 καὶ
1662 421 1921 482 δικαστὰς

220 509 344 577 ἄρτι
380 518 612 585 ’πρῶτον
660 506 798 562 ἰδὼν
843 513 1054 578 μᾶλλον
1094 509 1126 577 ἢ
1178 504 1342 572 οὗτος
1388 509 1718 578 τεθάρρηκα.
1780 509 1831 562 4.
1871 510 1920 562 εἰ

177 594 322 664 ὃμὲν
361 598 465 667 γὰρ
499 597 689 668 ’ἕτεροι
734 596 836 667 μὲν
883 600 935 651 οἱ
982 600 1105 651 τότε
1151 601 1498 667 τιμήσαντες,
1553 599 1710 651 ἄλλοι
1758 595 1819 651 δὲ
1867 599 1926 651 οἱ

221 693 329 739 νῦν
369 687 681 751 δικάζοντες
720 683 860 754 ἦσαν
899 687 989 740 καὶ
1030 688 1159 740 οὔτε
1191 694 1285 755 τῆς
1324 685 1396 740 δι’
1436 687 1575 755 ἡμᾶς
1613 686 1918 755 ἀσφαλείας

222 775 350 828 οὔτε
389 783 484 843 τῆς
530 778 609 838 εἰς
655 773 746 844 ἐμὲ
791 777 1061 845 μετείχετε
1107 778 1329 844 ψήφου,
1377 777 1599 838 εἰκότως
1645 775 1716 828 ἂν
1762 774 1920 829 εὐλα-

221 864 439 933 βούμην
476 862 550 933 μὴ
582 864 814 933 μελέτην
846 861 1010 928 οὗτος
1040 865 1128 918 καὶ
1166 868 1292 934 βίον
1323 863 1467 935 ἔχων
1496 866 1562 917 τὰ
1594 866 1921 934 δικαστήρια

220 952 500 1021 περιέσται
541 954 747 1023 ῥαδίως
785 962 885 1007 τοῦ
925 955 1100 1022 μηδὲν
1146 953 1335 1022 ἕτερον
1381 954 1514 1017 τέως
1551 953 1585 1021 ἢ
1623 957 1921 1023 πολεμίους

156 1065 199 1098 ιο
222 1050 386 1095 νικᾶν
425 1041 748 1111 ἐγνωκότος·
791 1043 978 1112 ἐπειδὴ
1014 1032 1080 1096 ’δὲ
1119 1042 1283 1110 μέρος
1322 1043 1477 1110 ὑμεῖς
1511 1062 1604 1112 μοι
1644 1050 1744 1095 τοῦ
1783 1062 1920 1096 τετι-

221 1133 459 1200 μηκότος
504 1135 765 1200 γεγόνατε
812 1133 990 1201 δήμου
1038 1130 1130 1185 καὶ
1175 1133 1273 1206 τὰς
1323 1131 1452 1199 ε’μάς
1499 1130 1582 1184 ἀεὶ
1629 1133 1762 1201 μετὰ
1808 1141 1920 1184 τῶν

222 1221 404 1274 ἄλλων
455 1218 615 1290 ᾄδετε
669 1222 850 1288 νίκας,
906 1222 1007 1274 οὐκ
1064 1220 1401 1288 εὐλαβοῦμαι
1456 1228 1554 1273 τοῦ
1609 1224 1919 1289 κατηγόρου

144 1332 148 1338 ·
221 1310 322 1378 τὴν
375 1308 597 1378 τέχνην,
661 1310 728 1363 οὐ
791 1309 1015 1362 δέδοικα
1078 1313 1326 1377 γλῶτταν
1380 1311 1642 1376 γενναίαν
1696 1311 1920 1371 ψευδεῖς

221 1396 459 1538 ἔχουὸσαν
498 1400 811 1468 λογισμούς.

157 1509 198 1542 15
375 1487 502 1539 .οι
530 1508 632 1556 μεν
671 1483 774 1541 οὖν
807 1489 964 1540 ἄλλοι
996 1497 1109 1541 τῶν
1141 1467 1409 1557 ἀριστέων
1442 1490 1703 1555 σιτήσεως
1734 1496 1920 1555 τυχεῖν

222 1575 256 1644 ἢ
298 1575 540 1638 ἀτελείας
581 1577 833 1644 δεόμενοι
873 1575 1118 1641 ἑαυτούς,
1158 1576 1226 1630 οὐ
1256 1577 1358 1645 τὴν
1387 1574 1739 1644 παρέχουσαν
1778 1573 1919 1645 ὠφε-

225 1668 343 1718 λεῖν
382 1665 755 1728 σπουδάζουσι
793 1667 960 1718 πόλιν
997 1663 1087 1717 καὶ
1127 1668 1290 1733 μόνοι
1329 1673 1429 1718 τοῦ
1470 1664 1641 1733 γέρως
1680 1664 1919 1718 ἀπολαύ-

225 1769 388 1807 ουσιν
443 1753 516 1815 ὡς
569 1756 733 1820 μόνοι
788 1763 899 1807 τῶν
952 1755 1152 1807 δεινῶν
1205 1756 1564 1823 μετασχόντες
1615 1754 1919 1806 κινδύνων·

348 1889 399 1927 15
434 1902 459 1941 γ
490 1882 738 1942 προοίμιον
764 1887 810 1929 A

345 2008 365 2045 1
404 2000 580 2046 ἐλπίσιν
612 2000 744 2058 ἥκειν
774 2003 856 2047 τὸν
882 2010 997 2047 νοῦν
1022 2002 1287 2058 ἀναρτήσας
1311 2002 1475 2059 Doxap
1599 2007 1623 2045 3
1656 2001 1919 2060 μαχόμενον

234 2063 450 2107 ViABM
473 2068 521 2104 et
545 2075 570 2105 e
594 2063 688 2107 eod.
717 2063 834 2120 Rey
835 2076 861 2107 ο
892 2062 995 2106 Mor
1017 2062 1113 2106 Not
1136 2062 1169 2106 f.
1185 2062 1271 2106 vn
1288 2067 1312 2104 2
1341 2063 1348 2117 Ι
1376 2060 1563 2118 ἤμελλεν
1580 2064 1626 2105 Α
1747 2067 1774 2103 4
1797 2068 1918 2115 πρῶ-

222 2137 306 2165 τον
329 2120 515 2177 reposui
532 2135 557 2164 e
576 2121 852 2166 CrHViAB
866 2123 997 2166 VaM
1016 2121 1179 2178 Doxap
1242 2121 1432 2176 πρώτως
1451 2121 1504 2166 ΟΖ
1519 2120 1610 2164 edd
1627 2120 1709 2164 sed
1727 2137 1781 2176 γρ
1798 2127 1918 2194 πρῶ-

223 2197 306 2224 τον
338 2180 384 2223 in
419 2194 552 2236 marg
585 2180 686 2224 Mor
805 2187 831 2224 5
852 2181 1020 2238 μὲν(1)
1052 2195 1126 2224 om
1159 2180 1323 2236 Doxap
1462 2185 1487 2223 6
1521 2177 1566 2223 δ’
1602 2179 1704 2223 Mor
1735 2179 1818 2222 sed
1849 2176 1915 2223 δι’

225 2240 329 2284 coni
361 2238 456 2283 Not
579 2244 601 2282 7
635 2255 687 2295 με
725 2241 793 2285 Va
838 2242 844 2296 Ι
894 2239 1135 2296 μετείληφε
1162 2239 1282 2284 CrH
1396 2243 1450 2283 10
1483 2238 1643 2294 ἐπειδὴ
1673 2238 1861 2295 reposui
1893 2252 1918 2282 e

223 2298 357 2343 libris
390 2298 553 2354 Doxap
616 2298 714 2343 ἐπεὶ
747 2299 837 2342 edd
887 2300 895 2357 Ι
937 2300 1066 2356 ὑμεῖς
1100 2300 1168 2344 Va
1201 2299 1279 2343 sed
1314 2299 1341 2342 ὑ
1374 2299 1423 2343 in
1454 2311 1529 2342 ras
1560 2297 1631 2340 m⁴
1679 2299 1686 2354 Ι
1735 2314 1813 2355 μοι
1844 2311 1918 2342 om

224 2387 386 2443 Doxap
448 2404 502 2443 με
510 2374 607 2431 Va
631 2387 713 2429 sed
738 2402 758 2430 ε
782 2387 831 2430 in
856 2401 932 2431 ras
949 2387 1018 2430 m⁴
1141 2392 1193 2431 11
1222 2387 1295 2432 ἀεὶ
1320 2401 1392 2431 om
1411 2386 1575 2442 Doxap
1699 2390 1754 2429 14
1781 2399 1918 2441 „num

226 2446 424 2500 ἐροῦσαν
452 2461 516 2490 an
541 2446 743 2503 ἐμοῦσαν
767 2460 831 2490 an
853 2454 1095 2491 τεκοῦσαν.
1088 2446 1135 2477 9“
1165 2446 1231 2489 Re
1291 2445 1489 2513 χέουσαν
1513 2444 1675 2489 Iacobs
1701 2445 1807 2488 Add
1830 2448 1918 2488 330

224 2505 338 2550 Lech
357 2510 438 2548 127
565 2510 617 2549 15
652 2504 694 2548 οἱ
721 2504 804 2562 μὲν
824 2531 877 2537 -
898 2510 1062 2560 243,1
1038 2512 1061 2535 )
1089 2505 1225 2562 χάριν
1250 2504 1473 2561 praemis„
1454 2504 1515 2547 sis
1539 2504 1692 2549 verbis
1718 2502 1917 2561 (ὅμοιον)

226 2565 305 2608 καὶ
337 2563 466 2618 παρὰ
496 2567 558 2620 τῷ
587 2563 794 2622 Λιβανίῳ
827 2564 877 2607 ἐν
908 2567 970 2622 τῷ
1001 2571 1082 2608 τοῦ
1114 2562 1338 2609 πλουσίου
1370 2563 1588 2620 ζητήματι
1620 2562 1915 2618 ἀριστεύσαν-

225 2639 301 2673 τος
334 2625 411 2667 καὶ
446 2611 722 2678 αἰτήσαντος
753 2623 818 2673 εἰς
848 2623 899 2667 τὸ
933 2610 1069 2680 γέρας
1092 2627 1183 2668 κτλ.
1210 2623 1328 2667 citat
1352 2622 1530 2679 Doxap.
1555 2622 1585 2666 1.
1610 2622 1638 2665 l.
1667 2622 1784 2678 (cod.
1809 2621 1913 2665 vat.

227 2687 341 2725 2228
378 2682 455 2726 fol.
483 2688 607 2734 21ῖ“·;
649 2682 835 2726 Barocc.
870 2681 947 2725 fol.
974 2687 1071 2739 42)
1196 2687 1249 2725 16
1283 2682 1475 2732 ἑαυτούς
1505 2696 1580 2725 om
1613 2682 1674 2726 Vs·
1720 2682 1727 2738 Ι
1775 2679 1917 2736 παρέ-

227 2756 402 2798 χουσαν
436 2743 505 2786 Va
537 2741 618 2785 sed
650 2758 705 2815 γρ
737 2748 981 2794 παροῦσαν
1014 2741 1061 2784 in
1093 2754 1227 2809 marg
1253 2746 1259 2797 Ι
1288 2742 1478 2797 ἀφελεῖν
1510 2741 1568 2785 Vi
1690 2745 1743 2782 17
1780 2739 1918 2796 γεράς

228 2801 284 2843 Μ
408 2804 462 2844 18
495 2799 802 2857 κατασχόντες
826 2801 885 2844 H
947 2800 1179 2857 scriptura
1210 2801 1259 2843 in
1287 2801 1346 2845 Or
1375 2814 1540 2857 parum
1572 2801 1699 2843 certa.
1727 2802 1733 2854 Ι
1760 2797 1916 2842 κινδύ-

227 2876 322 2903 νων
354 2873 428 2903 om
456 2860 509 2905 Cl
539 2862 587 2903 ei:
625 2859 875 2903 delendum
916 2863 1074 2903 censet,
1107 2858 1345 2903 Iacobsius
1378 2861 1496 2915 App.
1531 2857 1655 2902 Pors.
1689 2857 1803 2900 Adv.
1831 2860 1917 2900 289

225 2918 339 2961 Lect
363 2940 369 2949 -
