2044 3168
12 166 15 177 ,
12 107 21 138 ,Ὺ
12 0 35 90 wa..

512 116 730 160 DIVITIS
762 116 1070 161 ADULTERI
1103 115 1252 160 ACCU
1261 115 1432 159 SATIO
1704 115 1808 168 281

121 274 315 321 μερον,
372 252 467 306 εἶτ’
522 253 644 316 ε’ξὸν
691 251 785 305 εἴτ’
840 253 942 306 οὐκ
990 251 1113 315 ἐξὸν
1161 251 1433 320 ἐγράφου,
1469 252 1475 319 Ι
1511 249 1628 304 ἀλλ’
1683 255 1801 299 RIV
1818 260 1902 299 561

123 345 170 395 εἰ
210 344 281 411 μὴ
322 349 397 414 τῷ
444 341 770 410 γράψασθαι
817 348 1028 394 σαυτοῦ
1074 342 1652 409 καταμεμαρτύρηκας,
1700 339 1815 394 ἐπεὶ

121 430 211 484 καὶ
251 432 496 500 βαδίζειν
536 431 629 483 διὰ
665 440 778 483 τῶν
823 438 1121 483 στενωπῶν
1165 426 1339 491 ἔξεστι
1386 428 1477 482 καὶ
1524 430 1815 497 βαδίζοντα

123 521 237 572 ἄνω
284 518 534 588 βλέπειν,
582 517 697 572 ἀλλ’
745 517 843 572 ἐὰν
896 519 1160 580 πολλάκις
1207 519 1299 570 διὰ
1344 518 1547 570 ταύτοῦ
1595 519 1816 588 βαδίζῃς

124 609 226 661 οὐκ
272 608 516 676 ἀγούσης
562 608 802 676 ἀνάγκης
846 606 937 660 καὶ
975 605 1185 677 ’βλέπῃς
1235 609 1348 660 ἄνω
1403 607 1666 669 πολλάκις
1721 627 1815 675 γυ-
1863 627 1882 658 5

122 707 286 750 ναῐκα
330 696 464 750 νέαν
509 696 601 750 καὶ
646 697 822 765 καλὴν
867 695 1037 749 οὐδέν
1083 711 1172 749 σοι
1224 698 1617 764 προσήκουσαν
1666 713 1815 765 περι-

123 795 369 853 σκοπῶν,
416 796 594 848 ποιεῖς
631 783 734 853 μὲν
773 785 806 838 ἃ
845 786 917 854 μὴ
957 786 1259 838 κεκώλυται
1306 787 1481 857 νόμῳ,
1527 794 1703 838 ποιῶν
1756 783 1816 838 δὲ

122 873 209 943 ἐφ’
257 875 364 946 ὅτῳ
403 883 574 928 ταῦτα
613 883 790 937 ποιεῖς
829 874 1114 936 δεικνύεις.
1161 874 1248 926 27.
1288 874 1431 927 οὕτω
1473 876 1540 943 δὴ
1578 873 1670 927 καὶ
1710 882 1816 927 νῦν

122 972 221 1017 τοῦ
261 964 576 1033 γεγράφθαι
615 961 717 1031 μὲν
757 964 859 1016 οὐκ
898 963 1239 1032 ἀπαιτοῦμεν
1289 965 1448 1032 δίκην
1490 960 1621 1017 οὐδὲ
1659 962 1818 1016 τοῦτ’

122 1050 237 1105 ἔστι
277 1054 337 1105 τὸ
378 1055 641 1120 ἔγκλημα,
688 1054 750 1106 τὸ
798 1053 1117 1122 γεγράφθαι
1165 1053 1227 1106 δὲ
1273 1063 1502 1122 σημεῖον
1540 1048 1619 1105 ὧν
1659 1051 1816 1121 ἐγκα-
1843 1071 1884 1103 ιο

125 1145 327 1209 λοῦμεν
365 1140 684 1205 ἀξιόπιστον
723 1141 1069 1211 εὑρίσκομεν,
1107 1140 1198 1195 καὶ
1237 1143 1336 1195 τὸν
1375 1140 1481 1194 ἀπὸ
1520 1149 1619 1194 τοῦ
1660 1162 1819 1195 κατα-

123 1234 409 1300 ληφθῆναι
447 1229 700 1284 θάνατον
739 1229 953 1284 ἀνελὼν
999 1238 1074 1302 τῷ
1121 1232 1267 1300 παρὰ
1315 1239 1410 1298 τῆς
1455 1233 1649 1299 ψήφου
1690 1245 1817 1284 σαυ-

122 1320 219 1372 τὸν
257 1319 634 1383 ὑποτέθεικας.
675 1319 742 1372 οὐ
774 1321 878 1388 γὰρ
911 1317 981 1373 ἔτ’
1023 1319 1093 1372 ἂν
1125 1322 1270 1389 ἔχοις
1300 1321 1335 1372 ἄ
1365 1339 1428 1388 γε
1460 1320 1818 1389 ὡμολόγηκας

123 1407 432 1475 ἀρνεῖσθαι.
487 1416 587 1461 τοῦ
634 1410 811 1478 νόμου
851 1410 956 1477 γὰρ
997 1408 1026 1461 ὁ
1065 1418 1251 1478 μῶμος
1296 1410 1397 1477 τὴν
1442 1417 1538 1478 τῆς
1576 1411 1819 1478 μοιχείας

121 1495 422 1565 ὁμολογίαν
459 1500 584 1566 ἔχει.
1842 1514 1884 1548 1⁵

233 1585 318 1638 28.
373 1585 526 1640 Ἀλλ’
585 1587 659 1640 οὐ
717 1588 823 1640 διὰ
877 1595 1096 1656 τοῦτο,
1152 1591 1352 1656 φησίν,
1414 1585 1817 1657 ἐγραψάμην,

123 1673 294 1742 ὁρῶν
341 1673 410 1728 δὲ
456 1675 659 1729 αὐτὸν
715 1676 864 1730 οὔτε
919 1678 1143 1730 δίκαια
1196 1677 1344 1730 οὔτε
1396 1677 1818 1746 συμφέροντα

123 1762 413 1831 λε’γοντα.
456 1774 571 1828 πῶς
612 1766 678 1819 οὐ
720 1766 922 1833 δίκαια,
961 1766 1099 1834 πρὸς
1137 1768 1299 1830 Διός;
1349 1766 1415 1819 οὐ
1457 1767 1677 1818 δίκαιον
1715 1773 1816 1819 τοῦ

122 1855 398 1922 γήμαντος
435 1854 508 1923 ἣν
545 1854 780 1923 ἠγάγετο
821 1849 988 1918 εἷναι;
1030 1855 1096 1908 οὐ
1137 1856 1355 1908 δίκαιον
1393 1862 1459 1925 τῇ
1498 1856 1654 1933 πόλει
1694 1875 1818 1923 γνη-

243 2005 267 2042 2
310 1998 501 2057 ἐργασία
526 1998 619 2045 ἀπὸ
652 2008 734 2073 rof)
768 1997 931 2057 ὁμοίου
958 2000 1167 2045 M¹mMa²
1312 2005 1365 2044 16
1398 2000 1426 2058 ἡ
1462 2000 1709 2058 μετάθεσις
1739 2007 1819 2058 τῆς

124 2085 276 2140 αἰτίας
300 2089 565 2134 MrubrMa²
642 2079 702 2133 ἀῖ)
729 2091 866 2134 Brubr
1011 2093 1064 2133 18
1105 2086 1379 2148 ἐπιχείρημα
1419 2090 1512 2134 ἀπὸ
1550 2097 1632 2134 τοῦ
1671 2090 1816 2147 πράγ-

123 2162 266 2203 ματος
291 2149 476 2193 MmMa
537 2149 664 2199 λύσις
681 2149 816 2192 Brubr

247 2287 268 2324 1
303 2281 391 2325 εἴτε
404 2283 541 2340 (2)Μ
659 2286 684 2324 2
717 2279 768 2326 τὸ
794 2282 870 2326 La
991 2286 1017 2325 3
1050 2281 1299 2341 βαδίζοντα
1317 2282 1481 2339 scripsi
1543 2281 1818 2340 βαδίζοντας

123 2338 231 2383 libri
265 2341 356 2384 edd
476 2347 503 2384 4
537 2341 633 2385 ἄνω
674 2339 858 2398 βλέπειν
896 2341 1084 2397 reposui
1116 2355 1140 2385 e
1172 2341 1304 2385 libris
1337 2342 1418 2385 sed.
1450 2355 1506 2386 ex
1538 2340 1817 2399 ἀναβλέπειν

125 2412 226 2442 corr
249 2399 348 2444 Las
416 2399 696 2459 ἀναβλέπειν
721 2400 812 2444 edd
839 2402 846 2455 Ι
873 2397 1003 2444 ταῦτ’
1041 2401 1096 2444 οὐ
1113 2402 1260 2446 MaOl
1284 2401 1366 2444 sed
1390 2400 1439 2444 in
1461 2401 1550 2445 hoc
1574 2401 1622 2444 in
1647 2402 1817 2445 ταύτοῦ

124 2471 226 2502 corr
248 2459 319 2501 m⁸
377 2459 548 2516 ταύτης
571 2461 648 2505 La
708 2459 876 2504 τούτου
900 2461 1027 2504 BVa
1051 2460 1206 2503 sedin
1236 2460 1326 2503 hoc
1358 2474 1382 2503 e
1413 2461 1585 2505 ταύτοῦ
1618 2473 1719 2504 corr
1749 2460 1819 2502 m²

244 2522 269 2561 5
303 2519 388 2562 οὐκ
419 2519 622 2576 ἀγούσης
646 2518 853 2574 ἀνάγκης
875 2521 982 2574 post
1005 2518 1224 2570 πολλάκις
1240 2520 1365 2563 BVa
1489 2524 1511 2562 7
1545 2519 1605 2575 μὴ
1631 2533 1705 2562 om
1729 2521 1818 2563 Ma

246 2582 297 2620 11
332 2578 414 2621 καὶ
443 2575 525 2623 τὸν
551 2579 640 2621 Ma
672 2578 751 2621 sed
784 2579 865 2622 τὸν
897 2577 985 2634 γὰρ
1018 2592 1234 2634 suprascr
1265 2580 1313 2622 et
1343 2596 1398 2635 γρ
1438 2578 1487 2622 in
1526 2592 1659 2635 marg
1689 2578 1758 2620 m²

124 2635 204 2678 τὸν
229 2635 317 2693 γὰρ
343 2637 470 2682 BVa
594 2642 645 2680 12
678 2644 771 2681 τῶν
796 2637 906 2680 Ferr
930 2640 978 2682 et
1001 2655 1055 2694 γρ
1081 2638 1129 2681 in
1153 2652 1288 2695 marg
1313 2638 1413 2682 Mor
1440 2639 1446 2694 Ι
1473 2637 1602 2693 παρὰ
1629 2638 1703 2681 La
1735 2637 1816 2681 sed

125 2693 217 2749 αρὸι
249 2694 298 2738 in
329 2710 404 2740 ras
434 2697 471 2751 f,
504 2697 574 2741 Va
606 2697 688 2740 sed
719 2697 825 2751 περὶ
856 2696 905 2739 in
935 2711 1068 2753 marg
1098 2696 1168 2740 m'
1242 2698 1348 2751 περὶ
1375 2697 1490 2741 MCl
1527 2697 1607 2739 sed
1649 2696 1697 2739 in
1730 2696 1817 2739 hoc

123 2753 174 2796 in
206 2753 334 2809 παρὰ
367 2769 470 2798 corr
496 2756 579 2809 m³‚
604 2757 650 2800 B
775 2760 828 2798 13
863 2755 968 2813 ἕχης
990 2756 1116 2800 BVa
1142 2758 1149 2812 Ι
1176 2753 1255 2812 ἄγ’
1283 2758 1374 2800 Ma
1498 2761 1551 2798 14
1584 2763 1738 2811 μῶμος
1766 2754 1814 2797 in

123 2826 200 2855 ras
233 2813 325 2857 Va²
400 2813 542 2871 νόμος
565 2815 789 2859 LaMaoz
837 2816 844 2872 Ι
894 2813 1101 2871 μοιχείας
1131 2815 1180 2858 in
1210 2828 1287 2858 ras
1321 2814 1412 2860 Va²
1481 2814 1646 2869 ψήφου
1672 2815 1817 2858 ΜαΟΖ

247 2877 302 2915 15
331 2872 589 2930 ἀπολογίαν
613 2875 704 2917 Μα
828 2877 881 2916 16
914 2875 1131 2917 διατοῦτο
1157 2875 1296 2918 ΜαΒ
1419 2878 1472 2916 18
1497 2877 1615 2917 θεοῦ
1642 2874 1702 2916 Μ

129 2934 182 2973 19
215 2928 273 2985 ἣν
297 2932 373 2975 La
405 2933 486 2975 sed
506 2930 527 2947 ⁰
563 2932 612 2975 in
644 2946 719 2976 ras
751 2932 805 2990 fl
833 2928 1022 2989 ἠγάγετ’
1052 2933 1127 2977 La
1713 2970 1715 2972 .
1750 2932 1757 2935 “
