1986 3158
165 105 270 149 VIII
839 102 1178 147 PRAEFATIO

164 261 277 292 nem
300 246 565 306 usurparet
587 259 886 304 unoquoque
910 244 1018 291 loco
1038 244 1222 290 claram
1246 243 1516 307 imaginem
1546 248 1595 293 et
1618 245 1856 294 librorum

164 321 430 366 memoriae
456 321 505 365 et
528 318 814 367 criticorum
837 317 1150 365 conaminum
1181 318 1437 366 inveniret.
1491 318 1600 367 Hoc
1623 320 1858 367 ultimum

166 408 221 439 eo
253 392 413 456 magis
445 394 775 440 necessarium
799 394 920 452 erat,
953 391 1084 453 quod
1108 393 1271 439 textus
1296 391 1616 440 Morellianus
1649 397 1699 441 et
1721 393 1855 441 Reis-

164 467 341 514 kianus
373 466 575 514 minime
608 482 720 514 cum
762 464 824 513 iis
857 481 984 528 quae
1015 465 1250 513 Morellus
1299 468 1348 512 et
1380 466 1609 515 Reiskius
1643 469 1858 516 coniece-

164 543 283 588 runt
307 540 535 588 concinit.
569 541 635 588 Et
659 556 684 588 e
708 539 922 587 maximo
947 541 1103 586 totius
1123 540 1284 601 operis
1311 539 1501 588 ambitu
1526 556 1681 602 aeque
1706 543 1858 603 atque

165 614 360 662 diversa
405 615 701 676 scriptorum
749 613 1035 661 condicione
1083 614 1256 660 critica
1303 629 1601 676 consequens
1649 618 1757 663 erat
1798 618 1858 663 ut

164 688 548 750 unumquodque
599 688 836 749 scriptum
885 688 1026 748 quasi
1076 703 1164 748 per
1210 702 1261 735 se
1310 690 1540 736 constans
1589 690 1858 738 tractarem

164 763 367 824 fataque
400 763 504 811 eius
538 777 840 822 enarrarem,
881 762 975 808 etsi
1011 761 1105 808 tali
1143 762 1288 809 modo
1320 762 1560 810 nonnulla
1590 763 1859 826 repetenda

168 839 323 884 erant.
357 836 498 893 Quod
531 836 591 883 ab
626 838 784 884 amico
819 837 940 882 artis
974 836 1172 882 criticae
1211 837 1513 897 peritissimo
1545 853 1634 899 per
1664 837 1857 886 litteras

164 910 431 972 probatum
469 910 677 971 aliisque
725 910 947 971 exemplo
993 911 1305 971 propositum
1352 926 1454 958 esse
1502 911 1744 974 singulari
1780 926 1858 959 me

167 984 331 1032 affecit
362 984 569 1032 laetitia.

278 1056 450 1106 Obiter
479 1074 653 1106 moneo
686 1074 746 1105 ne
777 1057 905 1105 illud
939 1057 1139 1119 quidem
1164 1073 1240 1106 me
1266 1073 1530 1122 agnoscere
1555 1059 1686 1120 quod
1710 1058 1858 1107 dixit:

165 1132 296 1195 „Der
335 1132 634 1194 Hauptwert
674 1133 809 1179 einer
855 1131 1053 1180 solchen
1090 1131 1321 1196 Ausgabe
1367 1133 1492 1196 liegt
1529 1128 1582 1180 in
1621 1133 1708 1180 der
1744 1133 1858 1180 Mit-

163 1207 359 1270 teilung
399 1207 485 1253 der
523 1195 947 1269 Uberlieferung“,
993 1206 1144 1253 immo
1188 1222 1305 1254 vero
1349 1222 1594 1255 summum
1640 1208 1859 1269 pretium

166 1281 382 1328 cernitur
427 1281 480 1327 in
527 1283 633 1328 arte
677 1296 776 1342 qua
821 1282 985 1327 textus
1026 1280 1359 1328 constituitur.
1425 1279 1520 1328 Sed
1561 1282 1859 1343 apparatum

166 1356 287 1402 satis
313 1354 524 1403 solidum
540 1354 766 1418 largitur.
798 1353 966 1402 Etiam
989 1355 1206 1416 plenum,
1223 1354 1319 1403 nisi
1337 1355 1470 1415 quod
1487 1355 1604 1415 „der
1619 1353 1858 1415 Athous,“

164 1428 352 1491 inquit,
385 1428 561 1490 „Laur.
595 1429 776 1475 Athan.
801 1425 863 1475 L.
893 1429 995 1476 123
1030 1443 1155 1476 saec.
1188 1428 1311 1476 XIII
1344 1422 1466 1494 (vgl.
1499 1428 1538 1489 I,
1573 1429 1618 1476 S.
1646 1430 1751 1477 323
1779 1421 1857 1492 F.)

165 1503 302 1550 hatte
318 1520 403 1549 um
420 1502 579 1550 seines
596 1503 762 1550 Alters
780 1502 948 1550 willen
964 1502 1205 1563 verdient,
1223 1502 1526 1566 vollstandig
1544 1504 1671 1550 statt
1684 1502 1858 1564 probe-

166 1578 312 1624 weise
343 1577 626 1639 vei-glichen
659 1594 718 1624 zu
748 1574 990 1625 werden.“
1039 1576 1181 1633 Quod
1213 1576 1427 1624 codicem
1451 1577 1520 1637 „L
1550 1575 1686 1624 123“
1719 1577 1860 1637 dixit,

165 1651 468 1714 typographi
501 1652 657 1699 errori
678 1650 859 1699 tribuo.
893 1651 962 1698 At
977 1651 1108 1698 hunc
1133 1650 1349 1699 codicem
1372 1652 1619 1699 vetustate
1645 1652 1857 1698 eminere

167 1740 266 1772 non
290 1724 508 1785 dixisset,
542 1725 583 1772 si
608 1726 760 1786 paulo
786 1724 1075 1788 diligentius
1098 1727 1150 1771 in
1174 1725 1266 1772 hac
1289 1740 1341 1771 re
1367 1726 1591 1772 versatus
1617 1727 1757 1772 esset.
1789 1725 1861 1772 At

166 1801 390 1846 versatus
430 1815 528 1846 non
569 1802 656 1846 est.
725 1798 854 1854 Quid
903 1798 1034 1860 quod
1080 1798 1304 1846 hebdom.
1335 1798 1506 1860 philol.
1539 1799 1679 1846 class.
1715 1800 1853 1846 1911

168 1873 256 1921 col.
286 1873 426 1920 1255
460 1874 664 1934 negavit
697 1873 914 1920 codicem
944 1873 998 1919 in
1030 1872 1471 1921 declamationibus
1504 1873 1702 1919 omnino
1727 1887 1757 1919 a
1780 1888 1858 1920 me

168 1946 446 1995 adhibitum
478 1961 605 2006 esse,
640 1947 733 1994 etsi
765 1963 790 1994 e
822 1950 856 1995 t.
883 1946 929 1991 V
960 1964 1006 2009 p.
1036 1949 1064 1994 6
1101 1949 1150 1994 et
1179 1949 1214 1994 t.
1240 1946 1313 1994 VI
1342 1963 1390 2008 p.
1419 1946 1522 1993 187
1557 1946 1859 1994 contrarium

170 2020 400 2083 colligere
432 2019 631 2081 potuit?
681 2021 775 2068 Sed
808 2036 885 2068 res
917 2022 1028 2083 ipsa
1069 2037 1218 2082 quam
1250 2020 1503 2068 contendit
1532 2019 1858 2080 improbanda

169 2096 256 2142 est.
312 2095 463 2141 Aetas
497 2095 603 2142 sola
632 2094 923 2156 praesertim
962 2095 1015 2141 in
1052 2095 1196 2142 tanta
1228 2095 1370 2156 copia
1406 2095 1609 2140 minime
1642 2093 1858 2141 codicem

169 2167 374 2231 dignum
406 2168 528 2214 facit
561 2169 645 2229 qui
677 2168 738 2216 ab
771 2168 917 2216 initio
950 2183 1107 2230 usque
1139 2168 1202 2215 ad
1231 2168 1379 2215 finem
1411 2168 1703 2215 conferatur.
1761 2167 1864 2215 Sed·

167 2257 346 2302 parum
377 2257 453 2289 me
486 2242 625 2290 novit
656 2257 913 2304 meamque
947 2242 1005 2289 de
1040 2242 1243 2290 editoris
1275 2241 1436 2290 officio
1472 2241 1782 2302 sententiam,
1814 2240 1857 2289 si

170 2315 324 2363 credit
355 2331 431 2362 me
462 2315 550 2362 illo
586 2332 685 2364 non
717 2317 899 2364 collato
935 2316 1201 2364 editionem
1231 2316 1365 2364 foras
1396 2317 1658 2364 missurum
1688 2314 1856 2374 fuisse,

169 2390 211 2436 si
243 2389 450 2451 dignum
483 2405 594 2436 eum
626 2391 922 2438 censuissem
955 2392 1040 2450 qui
1076 2391 1393 2438 conferretur.
1454 2389 1550 2436 Per
1588 2387 1856 2449 specimina

170 2478 298 2523 quae
329 2463 488 2509 multa
519 2479 549 2510 a
580 2463 750 2512 multis
777 2464 897 2511 viris
931 2463 1088 2512 doctis
1112 2466 1285 2511 nactus
1311 2479 1446 2511 eram
1471 2489 1539 2495 —
1564 2463 1599 2509 t.
1625 2461 1651 2509 Ι
1673 2478 1719 2522 p.
1748 2462 1852 2509 325

169 2536 404 2597 pleraque
443 2538 696 2584 nominavi
735 2563 805 2569 ——
845 2537 967 2584 mihi
1006 2537 1231 2585 constitit
1274 2537 1474 2584 minime
1513 2537 1707 2583 tantam
1748 2535 1854 2583 eius

170 2624 272 2657 esse
306 2609 613 2672 dignitatem,
634 2611 686 2657 id
711 2611 842 2672 quod
867 2627 891 2658 e
916 2611 1168 2659 volumine
1191 2612 1401 2673 septimo
1426 2609 1664 2669 omnibus,
1695 2607 1854 2668 credo,

169 2683 386 2744 patefiet.
428 2683 526 2730 Ubi
549 2699 664 2731 vero
689 2686 1020 2732 necessarium
1044 2685 1207 2732 visum
1241 2686 1330 2744 est,
1355 2683 1640 2732 collationes
1665 2681 1744 2729 vel
1767 2697 1854 2743 per

170 2756 523 2804 liberalitatem
565 2756 622 2805 B.
665 2756 720 2804 G.
762 2757 1006 2805 Teubneri
1049 2761 1224 2820 ectypa
1262 2756 1657 2819 photographica
1704 2755 1853 2802 huius

172 2845 366 2892 quoque
397 2830 578 2880 codicis
610 2837 783 2878 nactus
815 2846 936 2879 sum.

280 2903 470 2951 Deinde
516 2905 668 2951 miror
714 2904 846 2965 quod
893 2904 951 2951 de
998 2904 1230 2953 monodia
1276 2904 1334 2951 de
1380 2903 1566 2964 templo
1605 2902 1852 2963 Apollinis
