1974 3134
664 616 1236 678 PRAEFATIO.

219 769 460 816 Volumen
509 768 774 828 septimum
822 767 1207 816 declamationes
1254 767 1316 814 ad
1363 767 1510 814 finem
1556 766 1796 828 perducit.

22 851 35 866 ·
104 842 335 890 Continet
366 841 518 889 etiam
550 840 775 889 subditas
807 841 886 889 vel
918 845 1171 903 suspectas
1205 842 1421 903 exceptis
1445 840 1605 889 tribus
1637 841 1797 888 decla-

103 916 404 964 mationibus
429 915 663 978 Patrocli,
687 915 914 977 rhetoris,
938 916 1113 978 patris,
1145 918 1204 963 ut
1228 918 1263 965 t.
1288 915 1334 961 V
1359 933 1405 978 p.
1435 916 1534 963 361
1564 914 1799 975 indicavi,

106 990 330 1038 Choricio
369 990 644 1037 tribuendis
683 1006 810 1051 quae
849 990 902 1037 in
940 990 1085 1038 huius
1125 990 1336 1038 rhetoris
1377 989 1593 1038 editione
1633 989 1798 1037 locum

103 1081 247 1113 suum
293 1065 558 1115 invenient.
625 1062 859 1112 Ordinem
907 1064 1324 1112 declamationum
1370 1064 1693 1112 Reiskianum
1741 1079 1800 1111 ex

103 1139 319 1187 editione
345 1138 638 1186 Morelliana
669 1141 1063 1201 transsumptum
1096 1142 1145 1186 et
1176 1138 1228 1186 in
1255 1138 1351 1187 fine
1374 1141 1572 1186 tantum
1596 1140 1800 1186 auctum

103 1214 340 1275 quoniam
372 1229 534 1261 rerum
567 1212 811 1260 rationem
843 1215 1038 1261 secutus
1071 1216 1264 1261 mutare
1297 1212 1465 1272 debui,
1506 1214 1592 1274 qui
1623 1213 1676 1260 in
1706 1212 1800 1259 hac

104 1287 320 1335 editione
368 1288 434 1335 sit
480 1289 537 1334 ut
575 1302 672 1335 uno
713 1290 977 1349 conspectu
1016 1287 1244 1349 patefiat,
1291 1287 1465 1335 tabula
1503 1288 1802 1351 paginarum

102 1364 361 1424 utriusque
394 1361 626 1409 editionis
657 1361 711 1408 in
742 1361 873 1409 calce
906 1362 1233 1423 praefationis
1265 1363 1430 1424 posita
1459 1361 1702 1423 prospexi.

215 1436 284 1483 Ut
314 1436 365 1482 in
397 1436 648 1483 volumine
681 1435 991 1484 antecedenti
1021 1436 1094 1483 ita
1126 1437 1179 1483 in
1210 1436 1302 1484 hoc
1331 1435 1628 1499 antilogiam
1661 1433 1800 1483 Gre-

104 1511 259 1572 gorii
303 1508 511 1571 Cyprii
555 1509 746 1570 addidi,
795 1525 922 1571 quae
962 1510 1199 1558 adversus
1246 1510 1387 1558 avari
1440 1509 1500 1557 ob
1553 1510 1802 1557 talentum

104 1584 404 1646 Aesculapio
430 1586 601 1631 votum
632 1583 790 1631 filium
823 1584 1102 1632 abdicantis
1133 1585 1545 1632 declamationem
1570 1582 1802 1631 Libania-

19 1723 26 1729 „
104 1674 219 1705 nam
262 1659 542 1720 conscripta
586 1660 635 1705 et
674 1675 699 1705 e
740 1658 906 1707 codice
944 1658 1174 1707 Leidensi
1215 1675 1245 1706 a
1287 1658 1628 1706 Maximiliano
1672 1658 1802 1705 Treu

105 1732 355 1793 descripta
386 1732 448 1779 ab
481 1732 571 1780 hoc
602 1732 839 1780 benevole
871 1733 995 1780 mihi
1027 1733 1216 1781 edenda
1246 1733 1540 1780 transmissa
1572 1735 1661 1780 est.

220 1805 316 1854 Sed
349 1806 500 1854 etiam
533 1821 656 1868 opus
682 1809 757 1854 est
779 1807 872 1854 hac
897 1808 1151 1855 occasione
1183 1809 1262 1854 uti
1294 1807 1357 1855 ad
1389 1823 1447 1854 ea
1476 1806 1805 1854 examinanda

111 1895 237 1942 quae
269 1880 551 1942 nuperrime
582 1883 634 1928 in
668 1881 1063 1943 ephemeridibus
1095 1882 1347 1943 inscriptis
1383 1881 1634 1928 Deutsche
1665 1880 1804 1928 Lite-

108 1954 449 2018 raturzeitung
486 1955 625 2002 1912
660 1972 705 2003 n.
734 1956 804 2003 30
838 1956 926 2004 col.
957 1956 1319 2004 1894—1898
1353 1955 1477 2003 mihi
1516 1956 1576 2002 de
1611 1956 1804 2002 ratione

110 2043 209 2089 qua
240 2028 490 2090 hucusque
523 2029 574 2075 in
606 2044 691 2077 sex
722 2029 1058 2078 voluminibus
1085 2029 1280 2078 Libanii
1315 2029 1516 2078 edendis
1547 2044 1664 2077 usus
1696 2044 1805 2077 sum

110 2102 429 2163 exprobravit
451 2102 638 2150 Paulus
661 2102 815 2152 Maas.
865 2103 934 2151 Ut
965 2119 1134 2151 omnes
1164 2104 1386 2152 iudicare
1417 2103 1610 2165 possint
1638 2105 1805 2151 utrum

107 2175 214 2223 iure
256 2178 350 2224 sim
390 2179 538 2224 tenax
576 2178 822 2239 propositi
869 2178 922 2225 in
968 2178 1302 2226 voluminibus
1350 2193 1476 2239 quae
1524 2178 1806 2239 sequentur,

109 2250 276 2310 capita
306 2267 474 2298 rerum
504 2254 723 2314 tangam.
1827 2307 1832 2311 ,

224 2321 472 2389 Τηλαυγὲς
513 2327 588 2372 est
618 2326 841 2387 profecto
881 2323 1149 2390 πρόσωπον
1180 2326 1344 2389 prima
1374 2327 1642 2375 sententia:
1683 2325 1809 2386 „Die

111 2400 238 2445 erste
285 2397 522 2446 kritische
568 2399 801 2463 Ausgabe
849 2398 934 2447 des
981 2399 1217 2448 Libanios
1263 2400 1382 2464 geht
1427 2400 1561 2448 ihrer
1605 2399 1810 2448 Vollen-

111 2470 247 2534 dung
286 2474 551 2536 entgegen3
591 2473 669 2520 die
701 2472 868 2520 Reden
911 2473 1022 2521 sind
1055 2474 1286 2536 erledigt‚
1326 2490 1376 2522 es
1409 2474 1536 2522 fehlt
1567 2474 1693 2522 noch
1726 2474 1806 2522 ein

111 2544 220 2601 Teil
253 2545 340 2593 der
371 2545 803 2607 Deklamationen,
835 2547 913 2594 die
946 2547 1379 2610 Briefsammlung‚
1412 2547 1491 2596 die
1516 2547 1807 2611 Einleitung

110 2618 212 2665 und
253 2619 330 2667 die
369 2619 609 2668 Indices.·‘
663 2621 890 2669 Indicum
933 2637 1029 2669 non
1069 2621 1251 2671 oblitus
1284 2625 1379 2683 est,
1413 2621 1498 2669 sed
1538 2624 1642 2669 tam
1682 2621 1804 2670 bene

111 2694 252 2739 novit
285 2692 548 2742 Libanium
579 2709 737 2755 suum,
768 2697 825 2742 ut
856 2711 969 2742 eum
1001 2695 1151 2743 etiam
1185 2698 1624 2759 progymnasmata
1657 2698 1806 2759 atque

111 2763 457 2815 Demosthenis
489 2768 648 2816 vitam
681 2783 793 2816 cum
823 2769 1180 2830 hypothesibus
1222 2771 1505 2818 orationum
1537 2769 1805 2831 scripsisse,

110 2840 261 2886 etiam
301 2841 607 2890 characteres
654 2842 937 2903 epistolicos
976 2843 1354 2907 fragmentaque
1396 2843 1671 2890 innumera‘
1697 2843 1803 2890 eius

113 2910 231 2959 ferri
269 2913 454 2961 oblitus
494 2916 572 2963 sit.
635 2916 743 2978 Ego
783 2916 1057 2995 volumine.
1072 2920 1210 2965 sexto
1243 2932 1268 2964 e
1299 2917 1449 2978 prelis
1489 2917 1700 2964 dimisso>
1731 2916 1804 2962 di-
