2044 3168
86 128 383 186 PAUPERIS
415 128 716 174 RHETORIS
749 128 979 173 LINGUA
1010 129 1256 173 PRIVATI
1287 129 1586 174 DEFENSIO
1672 130 1779 182 225

84 267 526 335 λαρυγγίζοντος,
558 264 763 335 ᾔσθετο
794 273 894 318 τοῦ
926 267 1164 334 κήρυκος
1195 268 1460 334 βοῶντος·
1501 269 1597 328 τίς
1630 265 1778 335 ἀγο-

83 354 300 425 ρεύειν
345 355 679 422 βούλεται;
736 352 826 407 καὶ
868 357 1041 422 ζητῶν
1078 354 1180 422 τὴν
1220 355 1415 423 φωνὴν
1455 354 1555 423 οὐχ
1603 350 1778 423 εὗρεν.

83 442 387 512 ἀντέθηκεν
442 440 546 497 οὗν
599 445 736 513 πρὸς
789 444 890 512 τὴν
945 445 1265 512 ἔμπροσθεν
1326 443 1617 512 ῥητορείαν
1677 445 1780 511 τὴν

82 539 373 603 παροῦσαν
439 533 602 601 σιγὴν
663 530 753 584 καὶ
816 533 1205 602 φανερώτερον
1268 525 1379 585 εἶδε
1440 532 1542 599 τὴν
1605 532 1779 585 αὑτοῦ

82 623 378 692 συμφορὰν
425 620 485 674 ἐν
530 629 595 692 τῇ
643 622 951 692 δημηγορίᾳ
996 628 1094 674 τοῦ
1143 622 1416 674 πλουσίου
1468 621 1559 674 καὶ
1600 629 1777 690 σχῆμα
1825 643 1844 676 5

80 711 363 778 θεώμενος
403 709 465 764 ἐν
503 704 545 783 ᾧ
586 727 718 763 ποτε
764 708 856 763 καὶ
903 710 1067 772 αὐτὸς
1113 710 1379 778 ἠγάλλετο
1432 711 1616 780 μνήμῃ
1669 719 1779 762 τῶν

80 798 471 869 πρεσβυτέρων
511 799 714 868 ἐπλήγη
753 801 856 869 τὴν
894 802 1094 869 ψυχήν.
1135 799 1222 852 40.
1256 799 1308 852 εἴ
1342 819 1416 871 τῳ
1459 799 1779 865 σταδιοδρό-

80 908 162 960 μῳ
202 889 460 958 πηρώσας
498 888 559 941 τὸ
599 886 792 950 σκέλος
824 880 916 941 εἶτ’
959 889 1116 957 ἄγοις
1147 888 1319 942 αὐτὸν
1358 886 1446 941 ἐπὶ
1474 886 1620 950 θέαν
1652 888 1778 957 δρό-

80 997 206 1046 μου,
245 978 383 1046 πρὸς
419 977 481 1030 τὸ
521 977 751 1030 στάδιον
791 976 928 1044 ὁμοῦ
968 977 1060 1030 καὶ
1097 978 1158 1031 τὸ
1200 976 1391 1040 σκέλος
1432 974 1570 1030 ἰδὼν
1601 977 1779 1030 πολλὰ

80 1075 192 1120 τῶν
231 1066 490 1136 δακρύων
521 1065 736 1135 ἀφήσει.
777 1067 826 1119 εἰ
857 1069 1094 1139 γενναίῳ
1127 1073 1412 1138 στρατηγῷ
1453 1067 1554 1135 τὴν
1590 1063 1778 1129 δεξιὰν
1803 1088 1846 1121 10

82 1155 363 1221 ἀποκόψας
416 1156 575 1224 ἄγοις
629 1154 904 1222 ὀψόμενον
958 1154 1162 1225 μάχην,
1217 1153 1491 1226 παραθεὶς
1544 1161 1620 1226 τῷ
1667 1163 1779 1208 τῶν

82 1244 332 1314 δοράτων
371 1246 514 1317 ἔργῳ
553 1244 654 1313 τὴν
694 1244 970 1298 ἀπουσίαν
1008 1252 1104 1314 τῆς
1143 1245 1325 1315 χειρὸς
1364 1245 1468 1298 οὐκ
1506 1249 1648 1298 οἴσει
1679 1245 1778 1313 τὴν

81 1335 214 1398 ὄψιν
253 1334 535 1403 ἀδακρυτί.
580 1332 671 1387 καὶ
712 1333 980 1407 ζωγράφῳ
1020 1337 1151 1397 τοὺς
1191 1334 1499 1397 δακτύλους
1537 1333 1778 1402 λυμηνά-

80 1443 244 1491 μενος
283 1425 332 1477 εῑ
370 1425 574 1477 πίνακα
614 1421 845 1492 δείξαις,
891 1426 1076 1494 μνήμῃ
1123 1431 1219 1493 τῆς
1265 1423 1456 1493 τέχνης
1496 1425 1574 1486 εἰς
1613 1422 1778 1493 ὀδυρ-

81 1514 188 1582 μὸν
228 1511 550 1580 ἐμπεσεῖται.
591 1513 824 1566 δύναται
863 1514 968 1583 γὰρ
1008 1511 1098 1566 καὶ
1140 1515 1304 1576 τόπος
1334 1511 1425 1566 καὶ
1459 1520 1652 1576 σκεῦος
1683 1510 1776 1566 καὶ
1802 1534 1843 1568 1⁶

80 1600 274 1673 πρᾶξις
312 1606 545 1666 παλαιᾶς
584 1602 839 1670 εὐτυχίας
885 1602 1220 1672 ἀναμνῆσαι,
1267 1610 1431 1656 τοῦτο
1480 1599 1542 1655 δὲ
1588 1601 1778 1671 ἐπάγει

78 1691 145 1744 τὰ
193 1691 419 1761 δάκρυα.
480 1692 565 1744 41.
617 1685 730 1744 εἶδε
782 1691 874 1744 καὶ
929 1691 1110 1762 ῥήτωρ
1162 1693 1436 1759 ἄγλωττος
1484 1690 1776 1761 ἐκκλησίαν

79 1778 169 1833 καὶ
217 1789 329 1833 τῶν
377 1780 466 1834 ὅτε
513 1775 624 1850 εἶχε
670 1781 771 1849 τὴν
818 1781 1015 1850 φωνὴν
1065 1780 1389 1850 ἀνεμνήσθη
1428 1781 1777 1851 πραγμάτων.

70 1870 296 1933 ,πάντως
328 1867 653 1940 ἐνεθυμήθη
686 1887 796 1923 που
827 1870 964 1939 πρὸς
996 1869 1189 1923 αὑτόν·
1229 1868 1351 1938 ἐγώ
1391 1888 1544 1923 ποτε
1576 1865 1776 1940 παρῄ-

201 2037 224 2076 1
258 2031 387 2076 Dem.
415 2045 505 2076 cor.
538 2046 582 2088 p.
611 2035 710 2085 323,
732 2036 753 2073 1

200 2185 223 2224 7
265 2195 332 2237 sq.
367 2178 559 2254 ἐργασία
597 2179 692 2223 ἀπὸ
730 2185 813 2223 τοῦ
855 2175 1019 2235 ὁμοίου
1052 2178 1099 2222 α’
1130 2178 1174 2238 β’
1205 2178 1245 2237 γ’
1281 2180 1374 2224 La*
1516 2184 1571 2223 19
1613 2178 1678 2224 ἔτι
1715 2178 1775 2223 τὰ

78 2239 219 2285 λοιπὰ
247 2247 331 2298 τῆς
362 2237 444 2284 ἀπ’
482 2239 625 2297 ἀρχῆς
655 2236 906 2297 ἀχρηστίας
929 2238 1024 2283 La³

201 2378 223 2417 1
263 2371 589 2446 λαβυρίζοντος
611 2373 712 2416 Par
743 2371 824 2414 sed
864 2370 915 2415 in
950 2369 1304 2429 λαρυγγίζοντος
1336 2385 1438 2415 corr
1468 2370 1538 2414 m'
1587 2373 1593 2427 Ι
1643 2368 1774 2428 ρητο-

80 2433 234 2488 ρεύειν
259 2434 304 2477 L
440 2437 465 2476 3
496 2431 710 2487 πρόσθεν
734 2432 834 2475 Par
968 2436 996 2475 4
1029 2432 1173 2476 αὐτοῦ
1204 2431 1314 2475 libri
1346 2431 1437 2476 edd
1581 2435 1604 2474 ’1
1639 2429 1686 2475 εἴ
1710 2447 1773 2489 τῳ

80 2492 203 2549 scrip
207 2492 247 2535 si
278 2505 303 2535 e
329 2493 484 2538 GlPar
534 2449 600 2535 ρεί
629 2493 693 2550 τῷ
726 2489 1134 2536 MLLaVch'I-IB
1146 2492 1215 2536 Va
1253 2490 1345 2535 edd
1394 2492 1401 2548 Ι
1452 2474 1772 2546 σταδιοδρόμω

81 2507 203 2596 Parp
213 2551 294 2594 sed
326 2569 360 2595 ω
393 2551 441 2594 in
467 2567 523 2595 ov
547 2564 650 2594 corr
665 2536 743 2592 m²
863 2554 888 2593 8
920 2551 1139 2606 πηρώσας
1163 2549 1330 2606 scripsi
1354 2563 1380 2595 e
1406 2550 1561 2594 CzPar
1619 2550 1773 2604 πηρώ-

83 2623 186 2661 σαις
215 2610 575 2655 MLaViViIIB
608 2608 690 2653 sed
722 2607 771 2651 in
802 2608 892 2652 hoc
923 2625 951 2665 η
983 2609 1032 2652 in
1063 2623 1161 2664 ras,
1195 2609 1286 2654 edd
1360 2609 1599 2665 πυρώσαις
1632 2609 1701 2652 Va

80 2701 322 2789 πειρώσξίς
346 2715 390 2758 L
431 2715 438 2770 Ι
483 2709 580 2758 εἶτα
608 2714 669 2757 Μ
695 2711 785 2756 edd
812 2715 834 2786 ,1
871 2684 999 2768 ἄγειις
985 2685 1196 2758 ξ’,ΡανῘῙα
1257 2712 1385 2767 ἄγεις
1404 2713 1461 2757 Vi
1486 2712 1494 2770 Ι
1520 2711 1691 2767 πρὸςΒ
1706 2712 1773 2755 Va

202 2777 227 2817 9
254 2773 368 2830 ὁμοῦ
407 2787 481 2816 om
501 2772 601 2816 Mor
724 2775 774 2813 11
802 2770 930 2827 ἄγεις
948 2771 1061 2816 ViOl
1087 2775 1093 2827 Ι
1119 2773 1202 2831 τῷ]
1222 2771 1281 2816 τὰ
1299 2773 1357 2817 Vi
1479 2776 1532 2814 12
1565 2771 1664 2843 τῆς]
1689 2770 1773 2826 τὴν

92 2832 193 2876 Vin
314 2835 368 2875 13
402 2831 649 2888 ζωγράφου
682 2831 742 2874 Vi
862 2835 915 2874 17
949 2831 991 2875 εἰ
1022 2830 1073 2876 δὲ
1099 2831 1152 2876 Ul
1179 2834 1186 2887 Ι
1213 2831 1405 2886 ἄφωνος
1431 2830 1483 2875 Cl
1509 2832 1516 2884 Ι
1553 2827 1626 2873 ἐπ’
1665 2830 1773 2872 ante

83 2889 329 2948 ἐκκλησίαν
355 2891 419 2945 Ol,
445 2890 545 2941 εἰς
532 2905 657 2934 inser
682 2887 802 2934 Par²
923 2894 977 2933 19
1009 2897 1101 2934 ποῦ
1129 2891 1227 2936 czB
1252 2890 1320 2934 Re
1379 2896 1462 2933 τοῦ
1487 2889 1563 2932 La
1574 2890 1775 2934 V211Par

83 2949 166 2994 sed
196 2950 246 2994 in
276 2950 365 2994 hoo
396 2950 445 2993 in
476 2965 569 2994 που
601 2963 702 2993 corr
733 2947 804 2991 m'
879 2962 955 2993 om
981 2949 1043 2992 M
1087 2951 1093 3006 1
1142 2956 1278 2994 τοῦτο
1310 2950 1420 2992 ante
1451 2946 1567 3002 πρὸς
1592 2948 1654 2991 Μ
1682 2947 1773 2993 edd

169 3032 367 3064 meus
383 3032 440 3064 (5.6,
453 3032 545 3064 Eoo
581 3034 651 3064 flet
661 3030 796 3063 nvn.
1360 3026 1416 3065 15
