2044 3168
424 132 595 178 LEGIS
627 133 872 179 CONTRA
902 132 1263 177 ADULTEROS
1296 131 1505 177 SUASIO
1709 132 1817 185 315

129 270 234 339 γὰρ
271 272 279 334 Ι
314 268 535 341 ἐπιτιμᾷ
579 270 865 333 πολλάκις
917 271 984 323 τί
1033 268 1551 336 σκυθρωπάζεις,
1597 265 1639 322 ὦ
1681 272 1801 316 RIV
1821 277 1904 316 581

128 356 383 423 τέκνον;
437 361 500 412 τί
542 367 679 422 τοῖς
724 363 1093 412 πενθοῦσιν
1143 359 1383 421 ἔοικας;
1434 356 1539 424 ἐγὼ
1588 354 1648 410 δὲ
1695 359 1817 411 τότε

127 444 230 517 μὲν
268 450 461 517 ἔλεγον
500 447 690 516 οὐδέν,
736 455 844 502 νῦν
884 446 946 501 δὲ
983 447 1200 518 φράσω·
1251 448 1351 501 τὸν
1390 448 1563 515 νόμον
1602 454 1819 514 τοῦτον,

129 534 171 591 ὦ
211 538 405 607 πάτερ,
457 539 593 591 κατὰ
645 546 756 591 τῶν
808 545 1018 606 μοιχῶν
1070 541 1258 590 θεῖναι
1310 533 1414 606 μὲν
1465 538 1819 606 βουλόμενος,

55 693 63 703 0
129 624 212 680 ἀεὶ
253 624 313 679 δὲ
350 625 566 694 μέλλων
603 625 953 696 ἐβαρυνόμην
990 626 1081 679 καὶ
1121 626 1301 696 ὥσπερ
1352 626 1570 679 ὠδίνων
1607 626 1820 693 ἤλγουν
1867 646 1887 679 5
1951 664 1954 667 Δ

127 716 229 783 τὴν
267 716 522 785 καρδίαν·
562 717 608 768 εἰ
641 712 701 768 δὲ
733 716 1014 785 κυρωθείη
1046 716 1284 785 τήμερον
1315 713 1404 768 καὶ
1438 717 1819 784 συγχωρήσαις

128 803 219 857 καὶ
251 813 414 858 τοῦτο
445 805 784 874 ὑπομείναις,
817 805 940 868 ὄψει
971 805 1269 873 μειδιῶντα
1299 805 1397 858 τὸν
1428 812 1663 873 κατηφῆ,
1696 805 1818 867 ὄψει

128 893 400 962 βλέποντα
438 892 741 964 ἐλεύθερον
778 894 879 947 τὸν
908 895 1291 963 κατεπτηχότα.
1331 894 1417 947 44.
1451 892 1617 948 ἐποίει
1664 891 1728 946 δέ
1755 912 1820 962 με

129 986 390 1053 λογισμός
430 1003 514 1047 τις
551 990 826 1052 τοιοῦτον,
866 982 940 1047 ὡς
977 980 1080 1051 μὲν
1118 982 1189 1037 ἄν
1236 985 1306 1037 σὺ
1354 985 1546 1054 φαίης,
1595 982 1819 1051 εὐήθης,

130 1072 301 1127 ἐποίει
341 1071 390 1125 δ’
437 1068 553 1126 οὗν.
605 1071 754 1145 ᾤμην
808 1070 1161 1141 ἐνδεέστερον
1206 1074 1305 1127 τὸν
1351 1072 1590 1126 παλαιὸν
1643 1073 1820 1141 νόμον
1846 1093 1887 1126 10

127 1163 444 1231 ὀργίζεσθαι
483 1172 599 1225 τοῖς
636 1171 867 1232 μοιχοῖς,
907 1161 980 1225 ὡς
1018 1163 1108 1215 καὶ
1147 1164 1277 1226 τοὺς
1315 1165 1556 1225 πολλοὺς
1595 1160 1679 1215 ἐπ’
1726 1161 1818 1214 ἆλ-

127 1252 383 1321 λοτρίους
420 1255 860 1321 παρακαλεῖσθαι
900 1252 1128 1321 γάμους,
1175 1254 1304 1315 τοὺς
1343 1248 1445 1321 μὲν
1483 1252 1682 1304 δοῦναι
1723 1251 1818 1303 δυ-

127 1339 417 1410 ναμένους,
455 1343 587 1404 τοὺς
626 1337 687 1394 δὲ
724 1340 1172 1409 πιστευομένους.
1210 1342 1344 1410 μετὰ
1385 1342 1451 1409 δὴ
1491 1348 1691 1394 τοῦτον
1721 1341 1820 1393 τὸν

126 1432 299 1497 νόμον
338 1428 514 1483 οὐκέτ’
561 1431 686 1494 ὄψει
724 1449 790 1499 με
829 1432 928 1484 τὸν
966 1427 1300 1500 ἔμπροσθεν,
1348 1428 1467 1483 ἀλλ’
1514 1423 1637 1483 οἷον
1676 1429 1820 1491 εἰκὸς

125 1519 223 1573 τὸν
260 1519 399 1587 ὑπὲρ
440 1520 702 1588 γυναικὸς
741 1521 940 1583 ἱκανῶς
977 1521 1368 1590 τεθαρρηκότα.
1846 1540 1886 1573 15

239 1607 325 1662 45.
367 1611 455 1661 Σὺ
494 1606 595 1678 μὲν
625 1611 875 1680 κήρυττε,
914 1610 1100 1677 πάτερ,
1141 1618 1257 1672 τοῖς
1287 1611 1668 1678 περιεστηκόσι
1698 1629 1820 1662 του-

128 1695 272 1752 τοισὶ
319 1697 466 1761 νέοις
512 1698 619 1766 ὅτι,
666 1695 708 1752 ὦ
755 1699 1007 1767 παῖδες,
1063 1699 1480 1769 φυλάττεσθε
1530 1700 1640 1761 τὰς
1692 1707 1818 1751 τῶν

127 1785 424 1857 πατέρων
471 1787 692 1856 ὀργάς,
741 1786 845 1856 ἐγὼ
894 1788 956 1841 δὲ
1003 1787 1344 1858 ἀντικηρύξω
1395 1785 1486 1841 καὶ
1526 1787 1692 1850 αὐτὸς
1730 1787 1820 1840 καὶ

128 1875 479 1949 πρεσβυτέρῳ
526 1874 619 1930 καὶ
665 1874 772 1949 νέῳ
818 1875 910 1929 καὶ
958 1875 1092 1949 ξένῳ
1141 1875 1231 1930 καὶ
1278 1878 1475 1948 πολίτῃ
1522 1874 1612 1930 καὶ
1662 1875 1816 1930 παιδὶ

128 1965 218 2018 καὶ
257 1969 444 2035 πατρί·
495 1968 828 2034 σωφρόνει
878 1964 983 2019 καὶ
1031 1969 1261 2036 φρίττε
1307 1967 1424 2035 τὴν
1469 1973 1584 2020 τοῦ
1631 1985 1819 2034 γεγα-
1845 1987 1888 2019 80

129 2056 406 2124 μηκότος
445 2054 671 2119 δεξιὰν
709 2055 791 2118 ὡς
830 2062 938 2124 τῆς
977 2054 1175 2125 αὐτῆς
1220 2055 1414 2124 εὐνῆς
1464 2053 1820 2124 δεξομένης

248 2206 274 2245 2
307 2202 358 2247 δὲ
383 2215 459 2246 om
477 2203 561 2246 Mo
682 2206 708 2245 4
741 2197 776 2245 ὦ
800 2200 945 2255 πάτερ
971 2215 1046 2245 om
1069 2201 1204 2246 Laur
1230 2203 1237 2257 Ι
1265 2200 1384 2245 κατὰ
1409 2215 1482 2245 om
1509 2203 1593 2246 Mo
1620 2204 1627 2258 Ι
1655 2199 1711 2246 ὃν
1735 2202 1821 2246 οὐκ

127 2262 237 2318 post
252 2268 425 2318 μοιχῶν
435 2262 664 2314 HLaurI,
684 2259 739 2305 ὃν
750 2261 907 2313 Maol,
926 2259 1082 2306 ἕνεκεν
1092 2263 1176 2306 Mo
1198 2282 1201 2319 Ι
1224 2260 1439 2306 ἐνθεῖναι
1455 2261 1824 2306 HMaClLaurl

250 2325 304 2364 10
330 2320 430 2364 ἐπεὶ
445 2320 548 2364 Mor
564 2319 645 2363 sed
663 2337 717 2376 γρ
735 2318 883 2365 ἐποίει
898 2320 946 2363 in
964 2335 1098 2377 marg
1118 2322 1121 2378 Ι
1143 2322 1368 2377 punctum
1385 2322 1493 2376 post
1509 2318 1594 2366 οὖν
1610 2321 1748 2376 posui
1765 2334 1820 2364 ex

131 2381 188 2424 H
242 2378 377 2423 colon
388 2381 473 2424 Mo
535 2393 610 2423 om
625 2378 796 2435 reliqui
813 2379 922 2423 libri
939 2379 1030 2424 edd
1139 2384 1190 2423 11
1210 2380 1318 2430 τοὺς
1333 2379 1507 2424 inserui
1526 2395 1580 2424 ex
1591 2382 1820 2425 HMoMa

131 2440 185 2484 ΟΖ
244 2453 318 2483 om
330 2439 608 2483 MBLaurI
625 2438 716 2483 edd
824 2444 876 2482 12
903 2439 1023 2483 δὲΗ
1042 2438 1049 2497 Ι
1077 2438 1342 2496 δυναμένου
1354 2440 1444 2483 Μα
1552 2445 1605 2484 13
1631 2438 1691 2495 μὴ
1711 2441 1819 2483 ante

129 2498 487 2554 πιστευομένους
510 2500 558 2542 et
580 2498 630 2542 in
653 2512 788 2555 marg
810 2498 934 2542 inser
950 2498 1062 2542 Ma²
1186 2503 1240 2542 14
1272 2499 1358 2543 οὐκ
1383 2497 1448 2543 ἔτι
1476 2499 1529 2544 Ol
1650 2503 1704 2542 15
1732 2497 1819 2554 ἤδη

129 2559 238 2615 posb
268 2556 439 2626 ἱκανῶς
465 2558 529 2612 Ol,
560 2572 645 2615 pro
678 2556 850 2608 ἱκανῶς
874 2559 962 2602 Ma
989 2559 995 2615 Ι
1024 2557 1197 2609 ἱκανῶς
1227 2571 1302 2601 om
1327 2559 1362 2602 I
1477 2563 1532 2602 16
1567 2558 1711 2611 πάτερ
1745 2571 1820 2601 om

128 2662 216 2706 ‘Mo
338 2665 392 2704 17
418 2658 542 2712 νέοις
563 2661 612 2705 in
637 2675 770 2717 marg
787 2660 895 2704 Μο3
1016 2664 1070 2704 18
1096 2633 1381 2718 ἀντικηρύέιῖ)
1400 2663 1446 2706 Β
1506 2660 1819 2716 ἀντικηρύττω

131 2721 269 2764 HMo
330 2720 603 2776 ἀνακηρύξω
628 2723 688 2777 ΙΙ
717 2717 741 2763 ὃ
775 2721 884 2763 ante
915 2720 1065 2776 κὰὶ(2)
1091 2721 1228 2764 HMo
1351 2724 1405 2764 19
1438 2721 1516 2764 καὶ
1549 2719 1636 2778 νέῳ
1668 2734 1744 2763 om
1769 2721 1827 2763 H

132 2778 399 2824 MoMaOEI
513 2784 569 2823 20
602 2781 682 2823 καὶ
713 2793 787 2823 om
805 2780 867 2823 M
891 2781 897 2834 Ι
925 2779 976 2823 δὲ
1000 2781 1107 2835 post
1130 2777 1408 2834 σωφρόνει]
1431 2779 1438 2837 Ι
1467 2777 1625 2834 φρίττε
1653 2778 1818 2834 scripsi

131 2851 187 2881 ex
211 2839 640 2884 HMoMaclMBI
671 2841 718 2882 et
756 2855 811 2894 γρ
850 2838 899 2881 in
937 2851 1071 2895 marg
1109 2838 1211 2882 Mor
1286 2838 1485 2893 φύλαττε
1511 2839 1645 2882 Laur
1683 2837 1773 2882 edd
1810 2836 1816 2895 Ι

131 2903 223 2946 πᾶς
252 2899 360 2953 post
392 2894 550 2953 φρίττε
575 2900 604 2942 1
741 2902 795 2941 21
830 2897 968 2951 εὐνῆς
999 2897 1246 2953 δεξομένης
1278 2897 1442 2953 scripsi
1473 2911 1577 2941 cum
1608 2896 1818 2941 Iacobsio

132 2955 246 2999 Lect
303 2963 391 3001 νῦν
423 2956 735 3015 εἱςδεξομένης
758 2955 865 3000 libri
891 2955 981 3001 edd
1006 2956 1087 3002 sed
1112 2956 1250 3013 εὐνῆς
1273 2955 1599 3014 συνεισομένης
1622 2955 1727 3000 coni
1752 2956 1818 2999 Re
