2014 3158
195 111 263 163 62
269 111 300 164 8
601 108 831 155 LIBANII
861 109 1254 155 DEOLAMATIO
1286 108 1475 156 XLVIII

191 248 280 300 δεῖ
307 261 367 300 σε
399 248 621 316 νομίσαι
654 248 720 300 τὰ
757 245 883 316 περὶ
922 249 1052 310 τοὺς
1090 247 1228 309 υἱεῖς
1269 245 1323 310 ἐξ
1363 247 1612 316 ἡμισείας
1651 247 1887 317 ἀσχημο-

189 344 310 389 νεῖν
348 336 381 405 ἢ
412 335 605 399 τελέως
646 337 769 400 ὄψει
809 337 1012 405 μεστὴν
1052 335 1247 389 αὐτίκα
1278 335 1381 403 τὴν
1411 338 1577 389 πόλιν
1614 337 1886 390 τοιούτων

187 425 465 494 ῥημάτων·
520 426 691 479 πάνυ
739 444 822 493 γε.
879 425 953 478 οὐ
1000 425 1119 495 γὰρ
1175 424 1383 478 πάντα
1439 425 1691 493 ἀγαθὸς
1746 425 1884 496 ἀρι-

186 514 399 582 στεύς,
453 513 521 577 ὃς
573 517 726 577 τοὺς
779 511 895 581 μὲν
950 515 1309 582 πολεμίους
1364 522 1473 583 τῆς
1534 515 1741 584 χώρας
1787 512 1883 578 ἐξ·

141 601 402 672 εέβαλε,
442 604 555 656 τὸν
595 599 663 656 δὲ
703 601 995 672 ἀδελφὸν
1035 603 1152 656 οὐκ
1192 601 1605 672 ἐπανήγαγεν
1645 602 1883 656 οἴκαδε.

187 692 496 761 εὐτυχίαν
541 692 834 762 ἥρπασεν
881 691 950 745 ἐν
996 700 1134 755 τοῖς
1182 691 1435 759 ὅπλοις,
1483 691 1599 745 οὐκ
1646 691 1883 762 ἀρετὴν

185 779 576 844 ἐπεδείξατο.
619 782 672 834 εἰ
713 778 782 834 δὲ
822 781 1059 851 ἀρετὴν
1106 782 1311 850 ἤσκει,
1359 781 1614 843 πάντως
1660 781 1737 833 ἂν
1776 779 1881 833 ἐπ-

186 869 381 939 έθηκε
426 875 508 943 τῷ
556 872 846 942 τροπαίῳ
895 872 1010 939 τὴν
1058 869 1205 940 περὶ
1253 870 1322 924 τὸ
1371 869 1561 938 γένος
1607 868 1881 940 ε’πανόρ-

184 965 414 1013 θωσιν.

117 1071 160 1104 10
294 1047 382 1101 45.
408 1048 486 1102 ‘H
510 1049 571 1102 δὲ
604 1053 833 1117 αἴτησις,
875 1042 916 1101 ὦ
949 1049 1135 1118 πάτερ,
1174 1045 1266 1100 καὶ
1298 1049 1359 1101 τὸ
1392 1048 1663 1116 ἡττᾶσθαι
1695 1048 1881 1101 δοκεῖν

183 1138 383 1207 μικρὸν
427 1135 537 1207 ἔχει
584 1139 684 1191 τὸν
731 1140 934 1206 ψόγον;
983 1135 1183 1209 ῥᾴδιον
1229 1138 1334 1206 γὰρ
1387 1136 1572 1204 εὑρεῖν
1617 1135 1708 1189 καὶ
1754 1135 1881 1189 κατ’

183 1225 393 1295 ἐκείνης
448 1229 635 1294 λόγον·
691 1227 951 1293 πλάσμα
1004 1223 1081 1295 ἦν
1135 1226 1167 1295 ἡ
1225 1227 1434 1294 δωρεὰ
1495 1223 1601 1278 καὶ
1662 1224 1878 1295 τέχνη,

184 1316 431 1385 ῥήματα
493 1316 962 1384 φιλάνθρωπα,
1028 1316 1246 1384 γνώμη
1318 1312 1385 1367 δὲ
1456 1315 1529 1367 οὐ
1592 1315 1878 1383 τοιαύτη.

184 1413 388 1475 σχῆμα
427 1404 767 1474 εὐπρεπές,
809 1404 923 1458 οὐκ
964 1404 1278 1473 ἀληθείας
1323 1401 1535 1473 ἔργον.
1585 1402 1876 1473 ἐξεχλεύ-

118 1516 157 1549 15
182 1509 294 1547 ασε
348 1496 462 1548 τὸν
515 1497 932 1564 ταλαίπωρον
986 1493 1302 1562 ἀδελφόν,
1358 1492 1487 1546 ἀλλ’
1551 1493 1667 1547 οὐκ
1723 1492 1876 1557 ἐξεί-

183 1588 326 1637 λετο
367 1593 492 1637 τῶν
541 1593 767 1637 κακῶν.
794 1584 1089 1652 ’ἤνεγκεν
1137 1583 1310 1655 αὐτῷ
1350 1583 1466 1651 τὴν
1514 1583 1876 1652 δυστυχίαν

181 1675 273 1736 εἰς
327 1673 550 1743 μέσον,
606 1672 865 1726 ἀνελεῖν
915 1672 983 1726 δὲ
1034 1672 1150 1725 οὐκ
1201 1671 1521 1741 ἐζήτησεν.
1578 1670 1876 1741 ἀφωσιώ-

180 1777 334 1816 σατο
374 1763 533 1830 πρὸς
571 1764 725 1825 τοὺς
762 1762 1071 1829 πολλούς,
1109 1762 1575 1829 εἰρωνεύσατο,
1607 1761 1873 1829 πράττει

179 1849 248 1904 δὲ
303 1852 472 1914 ὅπως
525 1851 863 1904 ἀθάνατον
926 1848 1178 1919 ἑστήξει
1232 1850 1302 1902 τὸ
1357 1859 1561 1916 μῖσος.
1624 1849 1698 1901 οὐ
1754 1849 1870 1916 γὰρ

112 1963 156 1995 20
180 1940 372 2003 αὐτὸς
417 1938 522 1994 καὶ
569 1941 642 1993 τὰ
687 1949 906 2009 πρῶτα
955 1940 1462 2004 συνεσκεύασεν;
1520 1939 1593 1991 οὐ
1640 1939 1758 2007 γὰρ
1806 1935 1873 1990 ἐκ

178 2037 286 2098 τῆς
323 2030 561 2083 τούτου
601 2030 1000 2097 κακοηθείας
1039 2027 1067 2081 ὁ
1109 2027 1389 2098 ἀδελφὸς
1430 2025 1735 2095 ἐλήλαται
1766 2023 1870 2078 καὶ

178 2119 522 2188 διαβολαῖς
560 2118 593 2186 ἡ
635 2119 834 2186 φύσις
873 2117 1203 2186 ἠδίκηται;
1254 2117 1342 2169 46.
1383 2117 1435 2169 εἰ
1478 2114 1544 2169 δὲ
1585 2113 1872 2169 ἄλλοθέν

176 2213 387 2260 ποθεν
425 2215 627 2260 ταῦτα
665 2207 1195 2274 προσεπεπτώκει
1243 2206 1348 2258 καὶ
1395 2205 1510 2258 οὐκ
1561 2203 1868 2273 ἠρέσκετο

177 2303 249 2365 τῇ
306 2302 635 2366 συμφορᾷ,
688 2294 928 2364 ταχέως
982 2295 1060 2348 ἂν
1112 2292 1305 2347 ἔλυσε
1351 2295 1420 2347 τὸ
1471 2294 1695 2347 δεινὸν
1744 2294 1869 2345 ἱκε-

181 2403 496 2414 -Ὕ--ᾼὴ-..ῂ
500 2404 534 2406 -

298 2462 319 2499 1
348 2456 406 2500 cf.
430 2471 473 2511 p.
495 2460 594 2509 535,
613 2460 660 2510 ὃς
685 2457 717 2498 t.
738 2455 800 2498 VI
817 2460 917 2510 477,
938 2460 1004 2498 13.
1032 2455 1223 2498 Aristid.
1241 2455 1290 2497 in
1315 2468 1408 2511 reg.
1428 2454 1449 2496 I
1472 2469 1516 2510 p.
1538 2458 1636 2508 108,
1656 2458 1694 2496 3.
1729 2452 1866 2496 Dind.

177 2515 295 2572 (t.11
322 2520 421 2570 260,
442 2520 495 2558 12
529 2514 687 2571 Keil.);
721 2514 853 2559 Chor.
886 2517 1070 2570 tyrann.
1104 2530 1147 2570 p.
1180 2518 1257 2568 69,
1278 2518 1331 2557 19
1372 2513 1518 2557 Boiss.
1664 2518 1717 2555 14
1750 2511 1864 2574 Ροῌ.

177 2574 239 2618 VI
265 2578 361 2618 199.
395 2574 595 2631 Hesych.
629 2589 664 2618 s.
695 2588 736 2618 v.
772 2574 1088 2631 ἐκγελιώσαιμι
1212 2577 1263 2616 17
1299 2572 1354 2616 cf.
1389 2575 1421 2616 t.
1447 2572 1510 2615 IV
1535 2575 1635 2627 239,
1654 2575 1706 2614 21

298 2713 319 2751 1
361 2706 547 2765 νομίσαι
586 2722 662 2752 om
686 2707 779 2751 Ath
921 2712 946 2750 5
988 2707 1150 2752 οἴκαδε
1191 2706 1275 2750 οὐκ
1315 2705 1607 2762 ἐπανήγαγεν
1633 2705 1724 2747 Ath

178 2772 203 2810 6
235 2767 323 2824 γὰρ
356 2769 463 2823 post,
494 2765 711 2826 εὐτυχίαν
735 2767 780 2811 L
811 2765 902 2809 edd
963 2765 1117 2810 delevi
1240 2771 1292 2809 11
1327 2762 1496 2825 ῥ’ᾴδιον
1527 2763 1614 2820 γὰρ
1648 2763 1747 2806 Mor
1783 2762 1863 2805 sed

177 2887 231 2927 γρ
264 2867 292 2925 ἢ
324 2870 490 2928 ῥ’άδιον
521 2870 570 2913 in
602 2884 735 2927 marg
868 2873 922 2912 16
953 2869 1058 2927 τὴν]
1090 2886 1138 2913 τε
1165 2870 1207 2912 L
1238 2869 1348 2911 Fen·
1479 2871 1530 2909 19
1565 2838 1688 2920 352⁴ng
1701 2866 1742 2908 L

178 2933 232 2971 28
266 2931 602 2974 συνεπεπτώκει
629 2933 674 2973 Β
700 2932 707 2986 Ι
734 2927 895 2985 ἤρεσκε
922 2929 1014 2972 Ath
