2014 3158
609 141 907 188 STRATEGI
937 141 1243 187 APOLOGIA
1660 144 1769 197 485

76 280 124 334 7.
155 279 185 334 ὁ
219 280 375 332 δεῖνα
414 276 516 346 μὲν
553 279 653 332 τὸν
693 280 850 332 δεῖνα
888 276 1171 349 ἐπῄνεσεν,
1209 278 1366 348 ὑμεῖς
1406 278 1456 332 δ’
1494 280 1562 333 οὐ
1601 295 1771 350 προσ-

74 372 257 439 είχετε.
298 368 483 437 ἕτερος
514 367 704 437 ἕτερον
736 366 1068 436 ἐθαύμασεν,
1105 367 1263 434 ὑμεῖς
1294 366 1342 420 δ’
1382 368 1483 422 οὐκ
1519 368 1771 439 ἀπεδέχε·

75 464 193 511 σθε.
247 456 339 511 καὶ
384 456 510 526 περὶ
556 460 746 527 τρίτον
791 456 880 509 καὶ
927 454 1213 525 τέταρτον,
1261 450 1430 525 οἶμαι,
1468 458 1635 511 ταύτὸ
1682 454 1768 527 ἦν,

75 548 128 600 οἱ
169 546 547 614 ἐπαινοῦντες,
595 547 648 598 οἱ
687 546 759 614 μὴ
799 546 1140 613 πειθόμενοι.
1196 555 1309 598 τῶν
1347 543 1448 612 μὲν
1496 548 1599 616 γὰρ
1640 550 1770 610 τοὺς

72 637 387 703 προγόνους
417 634 667 706 ᾐτιᾶσθε,
702 636 833 696 τοὺς
865 631 926 686 δὲ
958 633 1025 686 οὐ
1055 637 1235 696 καλῶς
1266 635 1607 703 τεθράφθαι,
1639 639 1769 699 τοὺς
1815 658 1835 690 5

76 725 137 778 δὲ
191 725 427 794 ἀπείρως
480 723 714 791 ἀγώνων
769 725 937 793 ἔχειν,
998 725 1130 786 τοὺς
1191 720 1253 776 δὲ
1306 725 1530 792 βραδεῖς
1585 725 1768 793 εὑρεῖν

74 815 135 867 τὸ
190 813 344 882 δέον,
405 814 536 875 τοὺς
589 813 649 865 δὲ
707 813 810 865 οὐκ
865 812 1054 882 ἀρκεῖν
1108 811 1413 866 ἐπιτελέσαι
1467 814 1528 866 τὸ
1586 813 1766 877 δόξαν.

75 901 122 954 8.
158 905 164 966 Ι
201 900 317 954 ἐπεὶ
356 900 404 954 δ’
444 900 580 970 ἐμοῦ
610 921 691 964 τις
730 899 1000 970 ἐμνήσθη,
1041 901 1259 970 πάντες,
1299 898 1340 955 ὦ
1372 902 1587 972 ἄνδρες,
1635 907 1755 952 RIV
1770 912 1854 952 481

71 989 163 1043 καὶ
204 992 307 1059 γὰρ
347 992 396 1044 εἰ
436 992 847 1061 φορτικώτερον
886 992 1086 1059 εἰπεῖν,
1126 991 1193 1044 οὐ
1234 993 1597 1060 σιωπήσομαι,
1640 993 1767 1044 ἀπε-

74 1078 322 1144 δέξασθε.
370 1080 511 1142 ἅπας
557 1075 661 1133 οὗν
701 1080 730 1133 ὁ
778 1081 951 1148 δῆμος
998 1079 1382 1149 ἀνεθορύβησε
1428 1080 1519 1134 καὶ
1574 1082 1647 1144 ὡς
1698 1081 1768 1135 ἂν
1794 1105 1836 1137 ιο

23 1162 34 1165 χ
74 1167 313 1231 ἀκούσας
352 1169 418 1222 ὃν
466 1168 636 1237 ἐζήτει
681 1169 850 1222 πάλαι
896 1168 1118 1238 διετέθη
1165 1167 1256 1222 καὶ
1305 1173 1412 1222 σὺν
1457 1170 1632 1240 ἡδονῇ
1678 1171 1768 1223 καὶ

73 1268 331 1328 χρησταῖς
372 1257 589 1311 ἐλπίσιν
627 1256 827 1328 ᾑρεῖτο.
868 1258 917 1311 9.
956 1260 1293 1329 παραλαβὼν
1333 1256 1380 1311 δ’
1419 1255 1525 1312 οὗν
1564 1257 1671 1326 ἐγὼ
1703 1260 1767 1312 τὰ

72 1347 363 1416 πράγματα
401 1347 490 1400 καὶ
539 1348 878 1417 πειρώμενος
923 1349 995 1416 μὴ
1042 1355 1244 1411 ψεῦσαι
1291 1356 1387 1416 τῆς
1431 1348 1768 1420 προσδοκίας

72 1437 202 1498 τοὺς
241 1434 536 1504 ἑλομένους
576 1436 678 1504 οὐχ
718 1437 865 1499 ὅπως
905 1435 975 1489 ἂν
1013 1435 1390 1506 εὐπαθήσαιμι
1430 1445 1494 1508 τῇ
1535 1437 1767 1506 δυνάμει

73 1525 164 1577 καὶ
202 1526 363 1593 μείζω
402 1527 691 1593 ποιήσαιμι
737 1526 839 1594 τὴν
878 1525 1078 1578 οὐσίαν
1116 1524 1416 1594 ἐσκόπουν,
1456 1524 1575 1578 ἀλλ’
1621 1526 1768 1589 ὅπως
1794 1550 1835 1584 15

75 1612 148 1666 δι’
201 1609 281 1667 ὧν
327 1614 396 1667 ἂν
446 1613 663 1681 γένοιτο
726 1616 791 1666 τά
844 1616 1006 1668 κοινά
1067 1618 1264 1683 βελτίω
1319 1612 1457 1683 μηδὲ
1515 1615 1578 1667 ἓν
1630 1632 1767 1684 παρ-

74 1704 298 1772 οφθείη,
322 1710 486 1756 τοῦτο
520 1706 831 1772 φροντίζων
863 1703 1159 1756 διετέλουν.
1197 1709 1381 1757 ἴσασιν
1418 1705 1471 1757 οὶ
1504 1714 1765 1772 στρατιῶ-

195 1868 218 1906 9
252 1864 310 1907 ef.
344 1867 376 1907 t.
409 1863 442 1905 V
469 1868 613 1918 271‚2

195 2017 216 2054 1
251 2009 334 2069 μὲν
368 2026 442 2055 om
467 2012 610 2056 LaVi
639 2011 802 2068 Doxap
853 2016 860 2067 1
910 2012 962 2057 δὲ
993 2013 1120 2057 BVa
1264 2018 1289 2055 2
1327 2011 1479 2067 ἕτερος
1504 2040 1559 2047 -
1583 2012 1767 2071 ἠνέσχε-

75 2074 160 2115 σθε
191 2071 240 2114 in
272 2085 407 2128 marg
440 2071 531 2115 Va²
557 2072 566 2128 Ι
594 2070 857 2128 ἐθαύμαζεν
885 2074 947 2117 Μ
969 2075 974 2127 Ι
1003 2070 1053 2115 δὲ
1090 2073 1157 2116 Va
1183 2075 1190 2127 Ι
1217 2071 1505 2130 ἀπεδέχεσθε
1541 2074 1707 2130 scripsi

72 2129 323 2187 ἠνέσχεσθε
354 2130 464 2173 libri
496 2130 578 2175 sed
610 2134 705 2187 ε(3)
737 2144 791 2174 ex
823 2148 873 2174 αι
905 2145 1006 2176 corr
1037 2133 1159 2187 Lan,
1190 2131 1355 2187 Doxap
1388 2132 1479 2176 edd
1549 2131 1766 2189 ἐδέχεσθε

74 2188 230 2233 Gasda
352 2194 377 2233 3
410 2191 489 2233 καὶ
512 2188 743 2245 τέταρτον,
777 2186 920 2245 οἶμαι,
945 2191 1111 2247 scripsi
1136 2204 1160 2234 e
1186 2192 1321 2236 MLa
1332 2191 1491 2235 ViClB
1503 2192 1572 2236 Va
1602 2192 1766 2248 Doxap

134 2245 263 2304 οἶμαι
293 2249 372 2292 καὶ
403 2249 621 2302 τέταρτον
646 2250 690 2293 L
721 2249 812 2293 edd
850 2251 857 2306 Ι
891 2251 979 2294 ταῦ
1010 2251 1062 2295 τὸ
1096 2265 1200 2294 oum
1231 2264 1307 2294 ras
1341 2255 1363 2293 1
1398 2250 1477 2294 libb
1500 2253 1607 2307 post
1638 2252 1665 2296 ὑ
1690 2252 1766 2295 La

129 2308 301 2352 ταύτὸν
325 2310 452 2353 BVa
572 2314 598 2350 4
630 2309 743 2367 τῶν]
766 2309 876 2360 τοὺς
893 2310 951 2353 Vi
1071 2315 1096 2353 5
1129 2309 1394 2366 τετράφθαι
1413 2311 1476 2354 Μ
1494 2310 1577 2353 sed
1599 2313 1692 2367 τ(2)
1716 2310 1766 2353 in

72 2370 111 2411 θ
142 2381 243 2411 corr
273 2367 357 2423 m¹‚
391 2369 449 2411 Vi
478 2367 643 2424 Doxap
787 2372 811 2410 8
851 2366 920 2419 τίς
944 2369 1166 2413 LaViVa
1217 2371 1222 2423 Ι
1273 2366 1359 2413 οὖν
1390 2371 1497 2425 posi}
1527 2369 1698 2420 πάντες
1720 2370 1764 2413 L

74 2426 166 2470 edd
227 2426 377 2471 delevi
428 2429 434 2482 Ι
484 2427 699 2470 δικασταὶ
723 2428 848 2470 BVa
880 2427 937 2471 cf.
972 2429 1030 2471 ad
1062 2443 1107 2484 p.
1133 2432 1234 2481 480,
1253 2432 1279 2471 8
1413 2433 1439 2471 9
1472 2426 1765 2481 ἀπεδέξασθε

72 2484 249 2529 inserui
274 2499 299 2530 e
323 2486 488 2542 Doxap
550 2500 623 2529 om
655 2485 765 2528 libri
797 2487 889 2530 edd
1012 2493 1062 2530 11
1098 2487 1304 2537 ἀκούσας
1327 2487 1473 2531 πάλαι
1496 2486 1685 2543 διετέθη
1710 2485 1764 2531 ὃν

73 2544 217 2600 ἐζήτει
241 2545 322 2588 καὶ
352 2545 514 2601 Doxap
639 2550 690 2587 12
726 2542 772 2589 δ’
809 2559 884 2589 om
907 2546 956 2589 in
978 2560 1054 2590 ras
1082 2552 1104 2589 1
1130 2546 1211 2590 litt
1237 2547 1296 2589 M
1415 2551 1468 2590 13
1501 2553 1683 2602 ψαῦσαι
1709 2546 1766 2590 Vi

13 2611 18 2619 ²
117 2610 198 2658 τῆς
227 2604 402 2648 inserui
434 2618 458 2647 e
490 2604 652 2660 Doxap
715 2617 791 2647 om
821 2604 932 2648 libri
963 2606 1054 2650 edd
1192 2611 1247 2649 14
1279 2605 1664 2661 ἀνευπαθήσαιμι
1688 2605 1765 2649 La

18 2701 23 2705 .
120 2661 169 2707 εὖ
201 2662 411 2719 πείσαιμι
442 2663 605 2719 Doxap
731 2668 783 2707 15
817 2662 981 2719 μείζων
1006 2665 1082 2709 La
1113 2665 1193 2708 sed
1226 2682 1252 2708 ν
1285 2665 1378 2707 add
1403 2679 1439 2720 p
1467 2667 1473 2720 Ι
1511 2665 1764 2720 ποιήσομαι

11 2748 14 2750 v
77 2722 130 2767 Ol
165 2725 172 2776 1
212 2721 426 2775 ἐξουσίαν
459 2722 645 2777 ἐζήτουν
679 2722 842 2778 Doxap
966 2728 1019 2767 16
1053 2722 1114 2768 δι’
1155 2720 1218 2768 ὧν
1250 2723 1424 2767 inserui
1456 2737 1481 2767 e
1507 2724 1641 2767 MLa
1654 2722 1765 2767 ViGt

15 2817 21 2830 ,.
75 2781 202 2825 BVa
234 2781 396 2837 Doxap
459 2796 533 2825 om
563 2782 606 2826 L
637 2781 726 2824 edd
756 2784 762 2837 Ι
790 2780 969 2837 γένοιτο
1003 2781 1063 2827 ἂν
1087 2784 1212 2828 BVa
1239 2783 1246 2839 Ι
1273 2783 1354 2826 καὶ
1385 2784 1492 2825 ante
1524 2781 1640 2838 μηδὲ
1664 2782 1765 2826 Lol
1816 2839 1819 2841 -

16 2883 17 2886 ,
74 2839 120 2882 Β
131 2840 201 2883 Va
231 2840 323 2884 edd
399 2840 550 2883 delevi
599 2842 606 2896 Ι
656 2840 772 2896 μηδὲ
804 2840 853 2884 ἓν
879 2843 942 2886 Μ
967 2843 1048 2886 sed
1080 2842 1130 2885 in
1161 2842 1306 2898 μηδὲν
1342 2855 1443 2884 corr
1472 2840 1543 2884 m'
1616 2841 1678 2897 μὴ
1710 2839 1762 2885 δὲ

12 2913 25 2956 ζ(
84 2898 323 2944 ViolBVa
353 2899 516 2955 Doxap
546 2903 551 2955 Ι
580 2898 630 2942 ἓν
655 2900 731 2944 La
763 2900 844 2943 sed
865 2895 887 2913 ‘³
917 2900 965 2943 in
997 2916 1071 2944 ras
1103 2902 1132 2954 f
1185 2915 1260 2943 om
1292 2901 1455 2956 Doxap
1579 2904 1632 2943 17
1666 2899 1763 2943 ἴσα-

12 2957 22 2992 ?
76 2969 150 3001 σιν
175 2984 230 2989 -
256 2962 400 3012 486‚2
434 2956 641 3014 μελέταις
669 2959 937 3014 praemissis
977 2959 1127 3003 verbis
1167 2961 1292 3003 ἀσκῶ
1333 2957 1507 3014 σοφίαν
1546 2959 1651 3003 ἀντὶ
1679 2966 1762 3003 τοῦ

10 2981 29 3158 ξ
