2014 3158
201 109 307 162 616
608 107 836 151 LIBANII
866 105 1258 151 DECLAMATIO
1290 105 1477 151 XLVIII

200 248 473 310 συζῶντος
511 245 610 298 τὸν
650 243 897 312 ἀδελφὸν
936 243 1164 310 εἰδότες,
1212 245 1269 296 οἳ
1304 243 1400 306 τὰς
1437 251 1535 296 τοῦ
1575 244 1889 313 πρεσβύτου

197 340 642 405 παρατηροῦντες
688 333 879 404 ὀργάς,
927 333 999 395 ὡς
1049 334 1282 385 εἰώθατε
1328 333 1465 402 πρὸς
1513 332 1782 400 ἀλλήλους
1830 332 1889 386 ἐν

197 434 315 486 ταῖς
355 427 679 486 συνουσίαις
718 423 1004 476 αἰτιᾶσθαι
1044 424 1174 484 τοὺς
1219 422 1382 490 υἱεῖς,
1430 420 1534 474 κᾶν
1582 422 1658 484 εἰς
1704 423 1888 491 μικρό-

197 532 331 566 τατα
370 512 755 583 ἁμαρτάνωσιν
789 511 822 565 ἃ
854 512 906 565 ol
939 510 1212 580 βέλτιστοι
1245 520 1356 564 τῶν
1388 511 1733 579 ὁμιλούντων
1764 530 1889 564 κου-

154 623 172 655 5
198 603 408 671 φότητα
449 601 824 671 ἀποφαίνουσι
861 601 952 654 καὶ
992 601 1152 653 κοινὰ
1185 607 1278 668 τῆς
1310 601 1522 668 ἡλικίας
1553 598 1643 653 καὶ
1676 610 1789 663 τοῖς
1821 601 1888 654 οὐ

108 696 228 740 RIV
246 700 331 741 690
379 693 505 744 λίαν
546 692 837 753 δυσκόλοις
871 688 878 761 Ι
914 691 1144 760 εὔφορα,
1178 688 1298 743 ἀλλ’
1335 689 1435 759 οὐχ
1478 690 1528 742 οἱ
1569 697 1768 743 τοῦτον
1800 711 1890 759 φι-

198 784 314 834 λεῖν
339 779 608 849 λέγοντες,
635 780 771 833 ἀλλὰ
795 780 1199 849 μεγαλύνοντες
1223 777 1307 832 ἀεὶ
1331 779 1391 832 τὸ
1416 788 1767 848 παραπῖπτον
1798 778 1890 833 καὶ

195 870 295 924 τὸν
335 874 617 939 σπινθῆρα
657 867 962 939 ἐγείροντες
992 869 1262 922 τοσούτου
1294 867 1536 938 πολέμου
1569 869 1670 937 τὴν
1709 869 1890 922 οἰκίαν

196 956 522 1028 ἐπλήρωσαν
575 957 665 1011 καὶ
721 958 864 1012 οὕτω
917 958 1137 1027 σφόδρα
1191 958 1289 1011 τὸν
1334 957 1541 1028 πατέρα
1587 955 1889 1029 ἐξώργισαν

130 1070 173 1102 10
196 1049 335 1101 ὥστε
382 1047 773 1117 ἐπιλαβόμενος
819 1040 962 1100 εἷλκε
1009 1048 1108 1100 τὸν
1156 1047 1287 1100 υἱὸν
1333 1045 1399 1099 ὃν
1453 1045 1770 1117 ἐγέννησεν,
1823 1046 1889 1101 ὃν

196 1135 459 1208 ἔθρεψεν,
499 1132 540 1211 ᾧ
575 1138 675 1207 τὴν
723 1135 958 1205 δεκάτην
1006 1135 1249 1204 ἐποίησε,
1297 1134 1388 1189 καὶ
1440 1137 1658 1205 εἰσῆγεν
1705 1138 1782 1200 εἰς
1827 1138 1888 1190 τὸ

197 1227 553 1296 δικαστήριον
591 1227 680 1279 καὶ
728 1225 907 1279 ἐκάλει
954 1227 1216 1295 πονηρόν.
1283 1225 1364 1277 10.
1406 1224 1434 1278 ὁ
1482 1222 1542 1278 δὲ
1591 1223 1887 1295 ἐκπεπληγ-

195 1314 359 1383 μένος
397 1322 474 1388 τῷ
513 1335 570 1369 τε
610 1315 1002 1387 ἀπροσδοκήτῳ
1042 1314 1132 1368 καὶ
1170 1324 1287 1377 ταῖς
1328 1315 1527 1377 αἰτίαις
1564 1313 1655 1367 καὶ
1691 1323 1756 1385 τῇ
1787 1323 1888 1368 τοῦ

194 1406 400 1476 πατρὸς
446 1408 548 1476 βοῇ
595 1403 687 1458 καὶ
734 1414 851 1467 τοῖς
898 1404 1317 1473 περιεστηκόσιν
1370 1403 1526 1472 ἐσίγα
1576 1403 1734 1475 μέχρι
1787 1412 1887 1458 τοῦ

130 1515 172 1548 15
195 1492 369 1564 μηδὲν
408 1495 583 1548 εἰπεῖν
621 1490 759 1564 ὑπὲρ
812 1493 985 1546 αὑτοῦ
1031 1493 1131 1546 τὸν
1176 1491 1382 1563 πατέρα
1430 1494 1758 1563 αἰδούμενος
1796 1492 1886 1547 καὶ

194 1587 404 1651 μᾶλλον
444 1584 615 1637 εἵλετο
655 1583 964 1652 προδοῦναι
1009 1583 1074 1634 τὰ
1121 1589 1222 1634 τοῦ
1263 1582 1476 1651 ἀγῶνος
1516 1584 1701 1636 δίκαια
1739 1582 1772 1652 ἢ
1814 1583 1886 1646 ὡς

195 1681 601 1742 συκοφαντοῑτο
665 1670 1033 1742 φθέγξασθαι.
1102 1672 1235 1741 μετὰ
1305 1678 1475 1724 ταῦτα
1536 1670 1726 1725 οὑτοσὶ
1787 1671 1887 1739 μὲν

195 1760 353 1833 ἀπῄει
401 1763 503 1830 τὴν
548 1763 722 1831 καλὴν
767 1764 929 1830 νίκην
976 1762 1295 1829 νενικηκώς,
1343 1760 1370 1814 ὁ
1421 1761 1480 1814 δὲ
1527 1760 1766 1829 ἀδελφὸς
1810 1763 1887 1824 εἰς

194 1851 260 1903 τὰ
306 1858 401 1920 τῆς
446 1852 637 1913 πενίας
683 1850 832 1903 κακά,
883 1850 988 1918 ἐγὼ
1037 1847 1097 1902 δὲ
1137 1848 1482 1919 ἀμφοτέρους
1531 1850 1886 1919 ὀδυρόμενος,

129 1960 171 1992 20
194 1940 291 1993 τὸν
329 1940 431 2009 μὲν
469 1935 549 1992 ὧν
587 1937 912 2007 ἐπεπόνθει,
951 1941 1048 1992 τὸν
1089 1936 1149 1992 δὲ
1189 1935 1268 1992 ὧν
1307 1937 1630 2008 ἐξηπάτητο,
1671 1938 1885 1993 ἐποιού-

194 2049 320 2098 μην,
353 2025 393 2082 ὦ
428 2029 697 2097 δικασταί,
736 2030 864 2091 τοὺς
897 2028 1176 2098 ὀδυρμοὺς
1207 2028 1524 2096 λανθάνων,
1565 2027 1887 2098 ἐφοβούμην

193 2119 298 2189 γὰρ
346 2119 419 2186 μὴ
466 2119 531 2170 τὰ
586 2118 798 2186 δάκρυα
851 2116 1075 2186 γένηται
1130 2119 1206 2181 εἰς
1260 2116 1598 2186 ἀποκήρυξιν
1649 2117 1886 2187 ἀφορμή.

198 2206 281 2259 11·.
307 2214 472 2260 τοῦτο
505 2203 606 2274 μὲν
639 2202 742 2260 οὖν
773 2207 806 2275 ἡ
838 2214 933 2276 τῆς
972 2209 1180 2268 πόλεως
1219 2205 1460 2259 ἐκώλυεν
1498 2208 1698 2274 Ἀγαθὴ
1740 2207 1884 2275 Τύχη

194 2296 683 2366 παρασκευάζουσα
738 2293 809 2348 δι’
871 2294 1004 2362 ἐμοῦ
1062 2304 1174 2358 τοῖς
1229 2295 1500 2357 ἐναντίοις
1553 2297 1654 2363 τὴν
1716 2291 1884 2363 ἧτταν

130 2405 170 2436 25
194 2383 284 2437 καὶ
323 2391 493 2438 ταῦτα
531 2383 593 2438 ἐν
619 2379 714 2447 ὀἷς
753 2392 861 2437 νῦν
902 2385 1059 2452 εἰσιν,
1101 2384 1205 2452 ἐγὼ
1239 2381 1300 2437 δὲ
1331 2392 1425 2453 τῆς
1454 2384 1555 2450 μὲν
1587 2393 1700 2437 τῶν
1729 2388 1882 2436 πολι-

315 2521 369 2559 10
403 2516 458 2560 cf.
494 2515 554 2559 ad
585 2530 630 2572 p.
658 2519 817 2569 605‚15

316 2639 337 2676 1
375 2634 419 2677 οἳ
445 2634 693 2678 delendum
720 2636 878 2676 censet
904 2634 970 2677 Re
996 2634 1076 2677 sed
1101 2633 1399 2681 anacoluthia
1425 2633 1620 2689 apparet
1740 2637 1765 2675 3
1799 2632 1882 2690 εἰς]

199 2694 381 2750 „malim
406 2693 492 2744 ὡς“
522 2693 587 2736 'Re
710 2697 733 2734 6
770 2692 959 2747 εὔφωρα
984 2694 1029 2736 Β
1057 2697 1062 2747 l
1092 2691 1188 2736 ἀλλ’
1219 2694 1302 2750 οὐχ
1327 2692 1371 2737 οἱ
1394 2699 1558 2736 τοῦτον
1582 2692 1630 2734 in
1655 2691 1728 2734 lac
1754 2696 1778 2733 8
1803 2691 1884 2734 litt

195 2765 270 2795 om
295 2754 339 2796 Β
368 2754 373 2808 Ι
402 2753 484 2809 οὐχ
518 2752 562 2796 οἱ
594 2751 758 2807 scripsi
790 2765 815 2795 ο
840 2752 977 2796 PAth
1007 2754 1060 2795 ut
1085 2754 1188 2796 coni
1213 2753 1281 2795 Re
1342 2751 1444 2809 οὐχὶ
1469 2753 1623 2795 LMos
1654 2750 1744 2794 edd
1771 2752 1778 2806 Ι
1806 2767 1882 2806 φι-

194 2814 290 2856 λεῖν
314 2810 539 2869 λέγοντες]
565 2813 806 2867 φιλοῦντες
823 2812 916 2854 Ath
1039 2815 1063 2854 9
1096 2811 1178 2855 τὸν
1202 2809 1379 2866 πατέρα
1406 2825 1480 2853 om
1499 2811 1592 2853 Ath
1715 2814 1766 2852 11
1801 2809 1882 2853 ἀν-

195 2869 400 2927 έθρεψεν
423 2871 469 2914 Β
594 2875 647 2914 13
678 2875 780 2919 ταῖς
804 2883 879 2913 om
903 2871 948 2914 B
1073 2875 1126 2914 15
1160 2871 1304 2914 αὐτοῦ
1329 2871 1422 2914 Ath
1544 2873 1596 2911 17
1623 2874 1882 2923 μεταταῦτα

195 2929 287 2973 LP
311 2930 317 2985 Ι
346 2929 530 2973 οὑτουσὶ
558 2929 600 2972 L
721 2933 775 2972 23
809 2928 836 2985 ἡ
870 2943 944 2972 om
962 2929 1055 2974 Ath
