2014 3158
390 137 798 182 PHILADELPHI
830 136 1255 182 ABDICATIONIS
1287 136 1526 182 PETITIO
1710 138 1815 190 627

123 272 329 344 πατέρα
371 275 448 337 εἰς
486 272 625 342 ἡμᾶς
663 279 976 343 μιμεῖσθαι,
1027 273 1201 341 λέγων
1248 271 1307 327 δὲ
1355 282 1526 328 ταῦτα
1573 273 1819 348 ἐρραψῴ-

126 364 266 416 δουν
297 362 526 433 ὀνόματι
556 364 761 433 πατρὸς
792 364 1274 432 κατακλυζόμενος.
1314 363 1402 416 41.
1434 365 1492 417 τί
1519 360 1624 418 οὖν
1655 383 1820 434 φημι;

126 452 246 505 δεῖν
285 450 404 521 μήτ’
451 451 571 520 ἐμοὶ
611 461 919 521 συγχωρεῖν
958 452 1258 520 ἀπολογίας
1296 458 1613 522 μεμνῆσθαι
1650 460 1724 526 τῷ
1759 473 1820 522 γε

124 540 402 613 ἡττημένῳ
449 545 583 611 μήτε
629 542 804 613 τούτῳ
853 543 1207 611 βλασφημίας
1246 549 1321 615 τῷ
1364 544 1691 611 νενικηκότι.
1728 541 1822 596 πέ-

124 649 325 684 παυται
365 632 470 700 γὰρ
511 630 720 701 ἀμφοῖν
758 631 791 699 ἡ
831 631 985 701 χρεία
1017 638 1082 700 τῇ
1114 633 1425 703 χειροτονίᾳ
1458 630 1548 685 καὶ
1581 639 1656 704 τῷ
1687 633 1820 702 βού-
1866 653 1886 686 5

126 723 329 773 λεσθαί
347 740 414 787 με
444 727 553 774 νῦν
583 718 831 773 ἐκπεσεῖν
867 720 929 772 τὸ
963 726 1415 790 πεπονηρεῦσθαι
1446 723 1544 774 τὸν
1575 721 1821 791 ἀδελφὸν

125 809 294 863 οὐδὲν
331 818 601 863 κοινωνεῖ.
1471 882 1474 885 ᾗ

236 914 323 967 42.
366 912 474 967 Καὶ
521 915 630 983 μὴν
677 913 892 986 ὅσῳπερ
947 913 1018 968 ἂν
1073 913 1286 968 ἐκεῖνον
1340 922 1414 987 τῷ
1463 917 1607 987 λόγῳ
1660 935 1820 969 κατα-

127 1003 355 1073 σκευάζῃ
403 1005 629 1073 μιαρόν,
677 1004 922 1076 τοσούτῳ
969 1003 1312 1074 προνοητέον
1364 1004 1510 1077 αὐτῷ
1551 1013 1647 1075 τῆς
1692 1003 1822 1075 ἐμῆς

125 1091 342 1162 ἀρετῆς,
391 1091 535 1155 ὅπως
580 1093 652 1161 μὴ
698 1096 978 1155 παντελῶς
1026 1093 1301 1162 δυστυχὴς
1345 1087 1381 1165 ᾗ
1426 1096 1628 1163 πατήρ,
1682 1093 1823 1148 ἀλλὰ
1846 1117 1888 1149 ιο

123 1181 222 1234 τὸν
260 1178 362 1250 μὲν
398 1184 666 1252 πονηρόν,
705 1184 804 1237 τὸν
844 1179 906 1236 δὲ
937 1183 1005 1236 οὐ
1037 1190 1295 1237 τοιοῦτον
1328 1185 1438 1253 ἔχῃ.
1478 1183 1548 1237 ἂν
1578 1180 1680 1251 μὲν
1711 1187 1820 1237 τοί-
1872 1220 1873 1226 =

124 1290 232 1323 νυν
272 1268 478 1324 ἐκπέσω
519 1269 610 1324 καὶ
651 1272 790 1343 λάβῃ
838 1292 904 1343 με
950 1273 1225 1326 κοινωνὸν
1272 1271 1469 1327 ἑκόντα
1506 1281 1601 1342 τῆς
1638 1277 1821 1326 ταλαι-

124 1361 333 1429 πωρίας
372 1359 634 1429 ἀδελφός,
674 1363 929 1433 χρηστός,
971 1363 1207 1430 δίκαιος,
1257 1362 1360 1430 τὴν
1408 1363 1583 1431 φύσιν
1634 1363 1821 1416 αἰδού-

123 1467 303 1516 μενος,
342 1446 513 1502 πάνθ’
561 1449 664 1503 ὅσα
701 1451 964 1504 κάλλιστα
1004 1450 1311 1520 ἀκούσομαι
1346 1450 1437 1504 καὶ
1471 1449 1541 1504 δι’
1582 1450 1716 1519 ἐμοῦ
1750 1455 1819 1505 σὺ

125 1539 360 1606 ζηλωτὸς
392 1537 421 1591 ὁ
454 1539 669 1606 γονεύς·
711 1538 781 1592 ἂν
820 1539 900 1608 δέ,
941 1538 969 1592 ὃ
1009 1541 1082 1610 μὴ
1125 1539 1341 1609 γένοιτο
1380 1538 1518 1609 μηδὲ
1559 1542 1714 1609 ἔστω,
1755 1542 1816 1594 τὸ
1844 1563 1885 1595 15

124 1626 237 1681 κατ’
279 1626 517 1697 ἐμαυτὸν
547 1631 916 1698 προελόμενος
948 1630 1171 1699 ὑπερβῶ
1203 1630 1265 1683 τὸ
1299 1629 1531 1699 ἐκείνου,
1562 1633 1820 1701 πονηρός,

126 1716 297 1785 ὠμός,
338 1716 562 1786 ἀσεβής,
603 1717 669 1770 οὐ
710 1721 881 1781 θεοὺς
921 1717 1107 1787 εἰδώς,
1147 1718 1214 1772 οὐ
1252 1718 1501 1788 νέμεσιν,
1540 1720 1719 1773 πάντα
1756 1721 1823 1773 τὰ

125 1810 369 1876 χείριστα
416 1806 722 1876 ἀκούσομαι
769 1806 860 1860 καὶ
909 1805 980 1860 δι’
1035 1806 1170 1878 ἐμοῦ
1217 1808 1386 1862 πάλιν
1434 1807 1495 1862 ἐν
1545 1809 1822 1863 ὀνείδεσιν

125 1895 154 1949 ὁ
194 1897 385 1966 πατήρ.
424 1895 511 1949 43.
551 1897 623 1965 μὴ
663 1898 859 1950 τοίνυν
898 1897 1108 1967 ἀνάσχῃ
1144 1902 1150 1963 Ι
1187 1900 1391 1967 διπλῆν
1429 1898 1641 1967 ὀδύνην
1687 1902 1807 1948 RIV
1825 1908 1908 1947 699

125 1982 213 2037 ἐπὶ
253 1982 314 2038 σὲ
352 1986 706 2054 βαδίζουσαν,
740 1985 879 2039 ἀλλὰ
912 1970 1251 2055 ἀποκήρυξιν
1283 1986 1615 2057 ἀποκηρύξει
1645 2006 1818 2057 παρα-
1843 2009 1885 2041 20

123 2073 374 2142 μύθησαι
413 2082 478 2144 τῇ
517 2076 770 2145 παρούσῃ
810 2076 911 2144 τὴν
950 2075 1244 2147 προτέραν,
1283 2085 1348 2146 τῇ
1387 2073 1514 2148 παρ’
1553 2075 1688 2146 ἐμοῦ
1719 2077 1820 2145 τὴν

125 2163 272 2233 παρὰ
312 2170 428 2216 σοῦ.
468 2162 501 2231 ἡ
540 2163 642 2232 μὲν
689 2165 794 2232 γὰρ
844 2173 1072 2233 σημεῖον
1118 2160 1188 2233 ἦν
1234 2168 1503 2235 πονηρίας
1551 2174 1653 2219 σοῦ
1699 2183 1822 2218 παι-

127 2252 239 2319 δός,
278 2253 311 2321 ἡ
351 2248 412 2305 δὲ
458 2255 869 2321 καλοκαγαθίας
908 2261 1010 2308 σοῦ
1056 2254 1266 2317 παιδός.
1329 2254 1416 2307 44.
1455 2255 1821 2324 μετριώτερον

247 2418 269 2456 1
304 2412 362 2457 cf.
395 2413 453 2457 ad
487 2413 588 2457 t.11
615 2418 756 2469 113,2

151 2598 155 2603 .
247 2565 272 2604 5
305 2562 483 2617 ἀμφοῖν
515 2575 590 2605 om
615 2563 660 2606 B
796 2567 822 2605 8
855 2562 1174 2622 κατασκευάζῃ
1206 2563 1394 2619 reposui
1426 2577 1450 2606 e
1482 2562 1615 2607 libris
1677 2579 1818 2607 κατα-

127 2620 334 2674 σκευάζει
365 2620 477 2664 Ferr
507 2620 609 2665 Mor
679 2621 1041 2675 κατασκευάζειν
1071 2622 1138 2667 Re
1283 2627 1307 2666 9
1339 2629 1559 2666 τοσοῦτον
1584 2622 1678 2667 Ath

130 2727 183 2766 15
216 2723 416 2781 mmm
439 2723 532 2769 Am
580 2723 587 2782 ι
637 2723 698 2781 μὴ
731 2724 781 2768 δὲ
807 2725 897 2769 LP
924 2725 1036 2769 Ferr
1096 2698 1239 2783 μὲζυεὲ
1266 2726 1358 2770 Am
1407 2728 1413 2781 ι
1457 2724 1583 2768 ἔσται
1607 2724 1700 2769 Am

130 2787 182 2826 16
215 2785 355 2839 προελ
384 2797 522 2840 μενος
545 2783 712 2840 scripsi
736 2786 924 2828 auctore
947 2784 1157 2829 Iacobsio
1183 2785 1296 2829 Lech
1355 2781 1686 2839 προειδόμενος
1709 2782 1818 2828 libri

128 2841 218 2885 edd
251 2842 334 2887 sed
366 2843 551 2897 „malim
580 2840 914 2899 προϊδόμενος“
948 2844 1015 2888 Re
1044 2846 1049 2901 Ι
1076 2845 1128 2888 τὸ
1158 2840 1335 2887 ’κείνου
1362 2844 1453 2887 Ath
1576 2847 1629 2886 17
1661 2842 1719 2887 τὰ
1742 2856 1817 2887 om

129 2900 221 2945 Ath
355 2905 412 2945 20
445 2901 520 2946 ἐπὶ
553 2900 602 2946 σὲ
634 2901 797 2957 scripsi
830 2904 1018 2947 auctore
1051 2903 1117 2947 Re
1180 2903 1255 2947 ἐπὶ
1290 2902 1359 2946 σοὶ
1385 2903 1631 2946 LPMosB
1667 2902 1757 2946 edd

130 2959 364 3005 ἐπιπεσεῖν
392 2960 484 3005 Ath

1376 3035 1462 3077 40*
