2014 3158
183 147 289 200 618
593 147 820 191 LIBANII
850 147 1253 193 DECLAMATIO
1271 149 1459 194 XLVIII

180 288 411 353 πληγῆς,
453 285 510 338 οἱ
547 283 632 352 δέ,
681 285 755 347 ὡς
793 284 978 353 ὁρᾶτε,
1027 286 1224 348 πάντες
1266 284 1384 354 ἐμοὶ
1425 287 1732 354 λογίζονται
1771 288 1871 356 τὴν

179 375 387 443 τροπὴν
441 372 528 426 καὶ
586 374 724 442 πρὸς
777 376 906 437 τοὺς
961 375 1198 437 οἰκείους
1254 374 1476 437 ἕκαστος
1530 381 1671 428 οἴκοι
1730 375 1871 445 τάμὰ
1921 370 1924 373 ’

180 463 449 531 διηγεῖται
488 461 578 515 καὶ
617 464 717 531 τὴν
758 462 966 533 ἀγορὰν
1006 463 1376 532 ἐμπεπλήκασι
1416 473 1526 516 τῶν
1557 465 1693 534 ὑπὲρ
1736 464 1870 532 ἐμοῦ

181 554 362 620 λόγων
386 552 475 604 καὶ
501 559 609 604 νῦν
631 553 830 620 ἥκουσι
858 555 1339 622 συνησθησόμενοι
1366 561 1428 623 τῇ
1457 563 1598 624 τιμῇ.
1642 553 1725 607 15.
1752 553 1870 622 ἐμοὶ

134 661 153 694 5
179 639 252 708 δ’,
301 640 401 703 ἕως
448 641 550 710 μὲν
596 643 824 710 ἤλπιζον
866 642 1137 712 ῥύσεσθαι
1185 643 1282 695 τὸν
1330 642 1574 712 ἀδελφὸν
1621 652 1731 696 τῶν
1778 663 1872 696 κα-

177 739 307 797 κῶν,
347 731 519 783 καλὸν
558 726 628 798 ἦν
670 736 800 794 ἴσως
830 732 863 800 ἡ
895 741 1006 784 τῶν
1045 731 1461 800 τετολμημένων
1500 733 1768 801 διήγησις,
1800 733 1873 796 ὡς

182 821 260 871 ἔτι
298 819 400 886 μὲν
439 818 598 883 ἐξιὼν
637 817 836 889 ἔγεμον
874 826 1062 889 θυμοῦ
1102 820 1192 875 καὶ
1231 828 1307 893 τῷ
1347 821 1567 891 μέλλειν
1598 822 1873 891 ἠχθόμην,

181 909 318 964 ἰδὼν
358 906 416 961 δὲ
457 912 586 972 τοὺς
626 908 911 972 ἐναντίους
951 911 1113 977 δίκην
1153 918 1397 980 σκηπτοῦ
1442 909 1734 964 ἐνέπιπτον
1771 912 1874 980 τὴν

177 995 277 1067 μὲν
317 1006 415 1051 τοῦ
455 1001 752 1052 πείσεσθαί
787 1019 840 1052 τι
881 1001 1155 1069 φροντίδα
1189 999 1364 1068 ἀφείς,
1403 1000 1505 1068 τὴν
1538 996 1598 1051 δὲ
1631 999 1736 1054 ἀπὸ
1773 1009 1872 1053 τοῦ

112 1109 153 1139 10
179 1089 377 1158 δρᾶσαι
418 1086 587 1151 δόξαν
628 1088 782 1156 ἰδών,
821 1087 909 1140 καὶ
953 1088 1025 1151 ὡς
1065 1087 1263 1158 ἔρρηξα
1313 1091 1414 1158 τὴν
1454 1090 1735 1157 φάλαγγα,
1782 1088 1872 1142 καὶ

179 1179 239 1230 τὸ
289 1175 446 1245 ξίφος
494 1187 736 1246 συνεχῶς
783 1176 1035 1246 ἐνεργόν,
1084 1177 1173 1230 καὶ
1221 1179 1281 1231 τὸ
1330 1175 1430 1246 μὲν
1469 1179 1762 1247 ἠλαύνετο,
1809 1180 1871 1232 τὸ

180 1266 240 1319 δὲ
281 1266 579 1336 ἐζωγρεῖτο,
618 1267 819 1335 μεστὸν
859 1264 918 1319 δὲ
957 1268 1018 1320 τὸ
1059 1269 1254 1321 πεδίον
1291 1277 1505 1337 νεκρῶν
1544 1268 1634 1321 καὶ
1674 1277 1872 1338 φυγῆς,

178 1365 293 1418 τοῖς
340 1352 399 1408 δὲ
447 1356 805 1424 στρατιώταις
853 1355 975 1409 ἀντὶ
1024 1359 1204 1423 λόγων
1252 1356 1309 1409 ἐκ
1360 1366 1470 1410 τῶν
1510 1355 1656 1425 ἐμῶν
1696 1358 1873 1462 ἔργων

178 1444 210 1512 ἡ
250 1445 600 1513 παρακλησις.
668 1445 750 1497 16.
790 1453 978 1513 ταῦτα,
1019 1442 1060 1498 ὦ
1102 1447 1369 1511 δικασταί,
1408 1444 1499 1498 καὶ
1540 1446 1691 1515 δρῶν
1729 1443 1872 1515 ἔχαι-

113 1554 154 1586 15
180 1554 282 1603 ρον
321 1535 410 1587 καὶ
451 1535 813 1603 διηγούμενος
860 1534 1259 1604 εὐφραινόμην,
1300 1534 1401 1598 ε’ως
1446 1535 1696 1604 ἡγούμην
1735 1535 1874 1588 αὐτὰ

91 1626 209 1670 RIV
226 1632 311 1671 692
360 1624 531 1690 σεμνα
569 1643 627 1676 τε
658 1619 801 1676 εἶναι
833 1622 925 1676 καὶ
958 1624 1058 1693 οὐχ
1090 1624 1360 1693 ἡττᾶσθαι
1393 1626 1590 1692 λόγων,
1629 1631 1737 1676 νῦν
1770 1627 1777 1695 Ι
1813 1621 1874 1677 δε

177 1720 446 1766 τοσοῦτον
486 1711 556 1765 ἂν
594 1718 802 1782 εἴποιμι
842 1714 1017 1779 μόνον
1065 1714 1137 1776 ὡς
1188 1712 1307 1782 ἐμοὶ
1347 1713 1581 1782 μαλιστα
1620 1714 1672 1766 οὶ
1712 1711 1871 1766 πολέ-

178 1821 293 1868 μιοι
333 1810 445 1854 τῶν
482 1806 724 1855 πολιτῶν
762 1811 1119 1872 καταρῶνται.

293 1891 375 1943 17.
416 1894 685 1944 Σκοπεῖτε
723 1894 919 1944 τοίνυν
949 1893 1031 1953 τίς
1062 1909 1192 1943 ποτε
1226 1889 1493 1959 ἐγενόμην
1526 1890 1612 1944 ἐπὶ
1644 1899 1709 1961 τῇ
1747 1891 1870 1961 νίκῃ

110 2002 154 2034 20
177 1983 273 2032 καί
321 2000 429 2048 μου
486 1980 816 2049 δοκιμάσατε
871 1988 934 2050 τῇ
991 1981 1169 2050 δωρεᾷ
1222 1981 1321 2033 τὸν
1369 1982 1589 2049 τρόπον.
1647 1981 1720 2043 ὡς
1766 1981 1870 2048 γὰρ

177 2068 454 2137 ἀπέδομεν
492 2068 881 2131 ὑποσπόνδους
919 2071 1048 2131 τοὺς
1087 2070 1320 2139 νεκροὺς
1366 2069 1457 2122 καὶ
1503 2070 1564 2121 τὸ
1604 2070 1873 2137 τρόπαιον

178 2159 410 2227 εἱστήκει
449 2158 537 2210 καὶ
579 2161 938 2226 περίβλεπτος
978 2154 1047 2226 ἦν
1087 2156 1176 2210 καὶ
1218 2157 1536 2226 ἐπῃνούμην
1581 2157 1671 2210 καὶ
1718 2156 1871 2227 ἐκρο-

177 2247 405 2315 τούμην,
444 2248 767 2315 προσιόντες
805 2267 899 2315 μοι
939 2248 1168 2315 δημόται
1207 2246 1298 2298 καὶ
1338 2244 1569 2316 φυλέται
1610 2244 1700 2299 καὶ
1734 2258 1868 2315 συμ-

177 2335 431 2405 φοιτηταὶ
478 2336 569 2388 καὶ
615 2335 815 2398 πάντες
863 2336 982 2389 ὅσοι
1029 2336 1344 2406 συνῄδεσαν
1389 2354 1482 2403 μοι
1533 2335 1634 2402 τὴν
1688 2335 1870 2403 λύπην

110 2445 151 2478 25
176 2424 247 2492 ἣν
288 2426 364 2486 εἰς
403 2425 499 2477 τὸν
539 2424 849 2493 ἀτυχοῦντα
898 2418 1048 2494 εἶχον
1094 2424 1341 2492 ἀδελφὸν
1387 2431 1531 2491 νῦν,
1580 2426 1795 2492 ἔλεγον,
1835 2422 1869 2475 ἃ

176 2514 373 2566 πάλαι
416 2512 683 2575 ἐπόθεις
721 2514 874 2581 ἥκει.
929 2521 1051 2566 νῦν
1097 2513 1322 2580 καιρὸς
1363 2512 1602 2581 ἀμῦναι
1642 2511 1867 2564 τάδελ-

178 2608 273 2673 φῷ
321 2602 437 2670 τὴν
491 2602 838 2672 συμφορὰν
893 2601 995 2653 καὶ
1043 2607 1139 2683 τῷῖ
1176 2598 1293 2668 μὲν
1340 2601 1704 2654 ἀποδοῦναι
1752 2601 1867 2667 τὴν

297 2795 322 2834 5
363 2790 414 2836 δὲ
453 2791 515 2842 ὡς
539 2792 633 2836 Ath
688 2793 695 2847 Ι
751 2787 978 2846 ῥ’ύσεσθαι
1011 2791 1174 2847 scripsi
1207 2792 1395 2835 auctore
1436 2789 1608 2835 Coboto
1648 2789 1749 2834 Coll
1780 2794 1864 2833 299

178 2849 267 2893 coll
291 2852 324 2893 t.
348 2849 412 2893 VI
438 2855 535 2904 100,
555 2856 633 2906 213
664 2852 697 2893 t.
723 2849 786 2893 IV
811 2853 910 2904 887,
930 2854 955 2892 8
974 2850 1014 2891 R
1075 2850 1296 2894 λύσεσθαι
1318 2849 1429 2893 libri
1453 2849 1545 2893 edd
1667 2853 1721 2892 10
1753 2847 1864 2903 δρά-

178 2922 253 2952 σαι
283 2908 394 2952 libri
426 2909 516 2953 edd
647 2913 699 2952 12
731 2907 783 2953 τὸ
816 2923 891 2952 om
916 2909 1009 2952 Ath
1146 2914 1199 2952 15
1233 2907 1600 2965 εὐφραινόμενος
1625 2910 1732 2952 Mos

179 2972 232 3010 16
266 2969 451 3022 „malim
481 2975 574 3013 τῶν
604 2967 782 3024 λόγων(ι
815 2967 882 3009 Re
1003 2972 1058 3010 26
1091 2968 1266 3024 ἀμύναι
1291 2968 1534 3013 LPMosB
1566 2967 1655 3011 edd
