2044 3168
127 129 210 173 AD
241 127 740 174 ANTECEDENTEM
769 127 1299 174 DECLAMATIONEM
1327 125 1662 172 ANTILOGIA
1711 125 1816 178 173

122 273 317 318 κινεῖν.
357 264 495 318 ἀλλὰ
533 266 653 318 τότε
699 265 792 318 καὶ
832 266 994 333 λόγος
1041 263 1100 318 ἐκ
1147 272 1250 317 σοῦ
1298 264 1479 333 ὥσπερ
1519 263 1820 332 ἀποδημῶν

127 349 198 421 ἦν
235 354 326 406 καὶ
365 356 678 422 αἰσθήσεως
716 354 974 421 δύναμις,
1020 361 1236 422 πνεῦμα
1282 349 1343 405 δὲ
1382 348 1452 420 ἦν
1501 352 1646 420 πλὴν
1684 350 1820 421 ἀμυ-

127 443 267 509 δρόν
313 461 366 495 τι
406 443 637 510 δόκησιν
674 441 916 512 παρέχον
960 440 1052 494 καὶ
1098 449 1263 494 τοῦτο
1311 441 1446 494 ὅσον
1497 441 1649 493 οὔπω
1691 439 1822 493 ἀπο-

130 535 327 583 λιπεῖν.
368 530 454 583 61.
486 531 589 584 οὐκ
621 532 732 584 ἔδει
762 533 883 585 τότε
913 531 1186 600 τοσαύτης
1216 530 1422 600 ἀωρίας
1454 531 1623 597 οὔσης
1653 541 1822 597 προσ-

128 618 272 672 ιέναι
311 618 402 672 καὶ
441 621 541 674 τὸν
591 620 1040 689 ἀναισθητοῦντα
1085 630 1287 688 κινεῖν,
1335 618 1460 688 οὐχὶ
1508 626 1823 689 φωνασκεῖν

130 706 499 777 ἐπικεκυφότα
535 710 673 762 κατὰ
709 719 822 762 τῶν
861 710 1035 778 ὤτων,
1074 709 1176 762 οὐκ
1214 710 1393 771 ἄλλως
1424 707 1688 777 ἐνοχλεῖν,
1720 704 1825 775 ἀφ’

131 793 199 850 οὗ
238 798 559 866 προσδοκᾶν
596 794 668 867 ἦν
716 798 949 852 ἀκοῦσαι
995 794 1120 868 μηδ’
1167 798 1372 852 ὁτιοῦν.
1413 799 1460 850 εἰ
1501 797 1563 850 δὲ
1602 795 1691 848 καὶ
1730 796 1825 858 τὰς

131 888 421 955 αἰσθήσεις
475 886 787 958 ἐρρωμένας
832 885 975 957 ἔχων
1027 889 1224 957 ἤκουες
1275 884 1377 956 μὲν
1424 887 1454 940 ὅ
1505 906 1557 939 τι
1612 884 1826 953 λέγοιμι

131 974 482 1045 προσελθών,
524 974 908 1045 ἐδυσχέραινες
940 977 1003 1030 δὲ
1032 977 1131 1029 τὸν
1163 978 1333 1045 λόγον
1363 975 1453 1028 καὶ
1491 975 1827 1043 ἰταμώτερον

133 1065 437 1133 διετίθεσο,
484 1065 630 1128 εἰκὸς
675 1067 780 1135 γὰρ
820 1073 992 1118 ταῦτα
1038 1066 1254 1135 δρώσης
1298 1065 1564 1126 πολλάκις
1600 1071 1697 1132 τῆς
1733 1063 1827 1115 νό-

134 1166 256 1220 σου,
287 1154 343 1206 τί
370 1162 648 1224 προσῆκεν
681 1153 774 1221 ἐμὲ
805 1155 945 1223 δρᾶν
977 1153 1066 1208 ἐπὶ
1097 1154 1340 1218 τούτοις;
1380 1152 1652 1222 ἡσυχάσαι
1690 1153 1828 1220 πρὸς

134 1242 197 1294 τὸ
238 1242 383 1311 ῥῆμα
420 1241 511 1296 καὶ
550 1240 726 1312 μηδὲν
764 1253 877 1297 τῶν
915 1243 1004 1297 σοὶ
1045 1242 1398 1312 δεδογμένων
1435 1248 1828 1311 παρακινῆσαι;

135 1329 253 1384 ἀλλ’
299 1331 401 1384 οὐκ
447 1331 518 1384 ἂν
555 1329 680 1400 ἔσχε
717 1330 883 1385 ταῦθ’
929 1331 958 1385 ὁ
1005 1333 1175 1401 νόμος
1215 1333 1419 1401 ἰατρῶν
1459 1331 1729 1398 ἐπαινεῖν,
1770 1329 1829 1391 ὃς

136 1421 328 1484 σώζειν
364 1420 467 1489 μὲν
505 1421 596 1474 καὶ
641 1431 931 1490 προσηνῶς
970 1422 1255 1490 μετιόντας
1298 1422 1366 1473 τὰ
1409 1421 1589 1488 πάθη,
1637 1420 1830 1483 σώζειν

136 1508 186 1563 δ’
233 1507 354 1563 ἔσθ’
400 1509 490 1563 ὅτε
535 1508 627 1563 καὶ
673 1511 812 1579 πρὸς
849 1510 1119 1578 ἀνάγκην,
1167 1511 1216 1563 εἰ
1261 1510 1334 1578 μὴ
1379 1507 1591 1574 ἔξεστιν
1638 1512 1830 1578 ἄλλως,

138 1600 445 1669 διαρρήδην
490 1602 610 1670 βοᾷ.
662 1599 753 1652 καὶ
799 1601 1145 1669 θεραπευτὰς
1191 1596 1252 1652 δὲ
1298 1597 1388 1652 καὶ
1438 1600 1660 1668 ἰατροὺς
1709 1600 1831 1652 τότε

137 1693 349 1757 μᾶλλον
386 1688 743 1757 θαυμάζομεν
781 1689 1096 1756 ἅνθρωποι,
1145 1688 1278 1742 ὅταν
1316 1686 1406 1741 καὶ
1445 1697 1558 1741 τῶν
1594 1691 1832 1755 καμνόν-

136 1797 250 1829 των
296 1775 707 1844 ἀποσειομένων
752 1778 819 1829 τὰ
867 1777 1127 1846 φάρμακα
1172 1775 1329 1830 αὐτοὶ
1375 1780 1586 1846 μᾶλλον
1627 1778 1830 1830 ἰῶνται.

139 1865 237 1927 οὓς
268 1863 360 1918 καὶ
394 1866 684 1918 παιδευταὶ
718 1866 1046 1934 μιμούμενοι
1070 1868 1200 1929 τοὺς
1233 1865 1665 1935 διδασκομένους
1694 1867 1832 1935 πρὸς

139 1955 395 2007 παιδείαν
434 1953 720 2021 ἀνάγουσι.
761 1954 848 2007 62.
878 1964 993 2017 πῶς
1032 1955 1094 2007 δὲ
1131 1954 1223 2007 καὶ
1264 1955 1330 2008 οὐ
1370 1963 1476 2018 πᾶς
1515 1954 1832 2025 ἀνθρώπων

140 2041 407 2111 ἐπήνεγκέ
456 2062 550 2109 μοι
599 2043 666 2095 τὰ
720 2043 1070 2111 χαλεπώτατα
1124 2043 1191 2096 τὰ
1244 2044 1381 2113 πρὸς
1436 2045 1713 2112 σωτηρίαν
1761 2046 1832 2114 μὴ

142 2131 468 2200 ἐθελήσαντι
500 2130 759 2200 μετιέναι,
798 2132 871 2194 ὡς
910 2132 1016 2200 ἄρα
1054 2133 1144 2184 καὶ
1183 2134 1542 2200 κατεφαίνετο
1575 2133 1833 2199 δυνατόν,

142 2220 346 2290 ἀνδρὸς
385 2217 446 2273 δὲ
485 2221 674 2290 γνώμῃ
713 2226 1041 2289 προσέχοντι
1079 2229 1349 2274 τοσοῦτον
1386 2220 1495 2274 ὑπὸ
1534 2229 1630 2290 τῆς
1660 2224 1833 2274 νόσου

142 2309 471 2378 διεφθορότι
503 2311 634 2372 τοὺς
666 2310 986 2377 λογισμούςς
1026 2310 1169 2363 οὕτω
1202 2310 1291 2363 σοὶ
1321 2310 1423 2377 μὲν
1447 2312 1538 2363 διὰ
1561 2311 1623 2363 τὸ
1654 2310 1835 2372 πάθος

142 2396 526 2466 συνέγνωσαν,
574 2395 666 2467 ἐμὲ
714 2395 773 2451 δὲ
822 2398 1006 2462 οὐδεὶς
1056 2398 1269 2469 ἀφῆκεν
1308 2401 1498 2462 αἰτίας.
1554 2399 1645 2451 διὰ
1695 2407 1835 2467 γοῦν

143 2494 308 2539 τοῦτο
358 2485 528 2540 πάνθ’
577 2483 657 2540 ὅσ’
705 2483 855 2555 εἶχον
903 2485 1142 2557 ἐκίνησα.
1198 2487 1288 2540 καὶ
1335 2498 1557 2558 πρῶτον
1609 2488 1711 2556 μὲν
1766 2489 1833 2556 δὴ

147 2577 368 2644 ἰατροὺς
406 2574 650 2644 ἐζήτησα,
683 2575 942 2645 φάρμακα
974 2575 1054 2629 ὄσ’
1094 2577 1277 2639 ἁπλῶς
1307 2580 1615 2629 λυσιτελεῖν
1653 2575 1835 2644 ἐνομί-

147 2667 276 2728 ζετο.
339 2658 434 2716 εἷτ’
495 2664 911 2733 ἀπεδοκιμάσθη
972 2673 1142 2718 ταῦτα
1202 2666 1337 2718 κατὰ
1398 2673 1579 2718 πᾶσαν
1639 2676 1836 2734 πεῖραν

266 2784 322 2824 20
355 2780 411 2824 cf.
444 2795 490 2836 p.
520 2784 616 2836 156,
635 2785 691 2824 25

269 2890 291 2927 1
327 2885 388 2935 ὡς
413 2885 454 2927 L
577 2889 601 2926 3
634 2884 849 2942 παρέχων
875 2885 917 2927 L
1040 2889 1062 2926 7
1097 2886 1351 2941 μηδοτιοῦν
1375 2885 1417 2928 L
1486 2885 1546 2939 μὴ
1580 2886 1767 2928 δοτιοῦν
1802 2884 1844 2927 V

269 2947 293 2986 9
327 2942 598 2999 ἰταμότερον
623 2943 665 2986 L
787 2947 844 2984 24
876 2942 1024 2987 οὕτωσ
1056 2945 1099 2987 V

1853 1084 1895 1115 10

1858 1530 1896 1561 15

1857 1978 1900 2009 20

1859 2420 1901 2453 25
