2014 3158
369 107 487 152 PRO
521 107 798 151 MULIERE
831 107 1251 154 TYRANNICIDA
1281 107 1521 153 ΡΕΤΙΤΙΟ
1688 109 1797 162 435

102 247 294 296 schulz.
332 249 472 296 1832
508 249 597 296 col.
627 250 693 297 53
727 249 827 296 fuit
850 248 955 312 Ign.
981 248 1197 296 Hardtii.
1238 249 1441 297 Reiskia
1465 264 1523 296 ex
1548 266 1603 297 eo
1637 251 1796 298 decla-

99 324 368 371 mationem
400 324 452 371 in
484 337 627 371 usum
658 322 828 370 mariti
861 338 990 370 anno
1026 324 1168 370 1770
1202 322 1475 385 descripsit.
1511 322 1723 372 Contuli.

213 410 286 458 Ex
319 411 489 459 eodem
521 426 618 473 quo
649 411 730 459 hic
759 410 1010 458 fluxerunt
1041 412 1286 473 exemplo:

216 493 261 540 6.
295 492 656 541 Mutinensis
682 509 751 556 gr.
771 491 1017 540 CLXXXI
1042 485 1142 559 (HI
1165 493 1205 539 F
1233 486 1290 558 3)
1315 486 1410 558 (=
1428 487 1538 559 Mu)
1564 509 1687 542 saec.
1706 494 1798 542 XV

101 566 183 614 fol.
220 567 328 614 53'.
390 567 585 614 Folium
619 567 712 613 57v
745 566 928 614 desinit
958 566 1108 615 verbo
1149 564 1413 629 ἀποκόψας
1446 561 1516 632 (p.
1545 569 1668 627 451,
1690 562 1798 633 11),

104 640 254 688 verba
285 642 543 703 sequentia
568 636 593 688 ὁ
619 639 793 703 δῆμος,
826 641 1014 689 τούτων
1046 639 1097 688 δὲ
1128 644 1409 690 transverse
1434 645 1636 690 exarata
1669 645 1795 691 sunt.

103 714 316 776 Reliqua
354 730 451 762 non
492 717 698 763 exstant.
765 713 1024 763 Correctus
1069 718 1144 763 est
1188 731 1340 762 manu
1384 716 1609 764 secunda.
1672 717 1798 765 Vide

101 791 136 835 t.
161 788 214 836 II
244 805 291 850 p.
317 789 385 836 48
405 804 475 850 sq.
524 787 739 836 Contuli.

106 864 155 910 et
1472 872 1476 875 “

220 939 262 983 7.
295 935 629 985 Vaticanus
671 934 1114 985 Ottobonianus
1156 955 1227 1001 gr.
1260 939 1326 985 69
1362 953 1484 986 saec.
1512 934 1799 1003 XVIJXVII

104 1010 188 1058 fol.
218 1011 300 1058 76.
355 1009 483 1058 Vide
515 1013 550 1058 t.
576 1011 600 1058 Ι
633 1029 678 1074 p.
707 1013 813 1059 222
833 1027 904 1074 sq.
938 1014 987 1059 et
1020 1014 1128 1059 414
1146 1028 1218 1074 sq.
1272 1012 1312 1059 Ε
1345 1015 1488 1074 parte
1521 1014 1722 1060 contuli.

213 1090 448 1138 Eiusdem
488 1095 637 1153 atque
677 1094 868 1141 MoMu
908 1093 1129 1141 familiae
1170 1095 1278 1141 erat
1316 1094 1595 1156 exemplum
1635 1110 1660 1141 e
1700 1111 1796 1156 quo

103 1164 199 1212 duo
233 1164 424 1213 codices
458 1165 695 1229 descripti
728 1170 865 1215 sunt:

217 1247 263 1293 8.
296 1246 729 1296 Ambrosianus
760 1248 786 1296 I
818 1250 886 1296 49
922 1263 1026 1312 sup.
1061 1243 1195 1315 (460
1226 1249 1279 1297 in
1311 1249 1541 1313 catalogo
1573 1249 1799 1296 Martinii

103 1323 152 1368 et
175 1315 363 1387 Bassii)
390 1337 519 1370 anno
550 1323 691 1371 1488
719 1325 948 1371 exaratus
974 1324 1057 1372 fol.
1086 1325 1152 1371 27
1160 1326 1230 1371 4V.
1268 1323 1394 1371 Vide
1419 1326 1455 1371 t.
1480 1323 1504 1370 I
1527 1341 1575 1386 p.
1603 1325 1706 1372 363
1727 1339 1796 1386 sq.

100 1395 140 1441 E
173 1397 315 1456 parte
349 1395 551 1444 contuli.

103 1471 152 1516 et

214 1544 258 1591 9.
292 1543 606 1592 Parisinus
646 1562 717 1608 gr.
754 1548 894 1594 3017
938 1561 1061 1594 saec.
1094 1546 1186 1593 XV
1225 1545 1310 1594 fol.
1342 1547 1463 1594 238.
1518 1546 1645 1593 Vide
1686 1548 1722 1592 t.
1747 1545 1799 1594 II

102 1634 147 1678 p.
173 1619 205 1664 4
225 1633 296 1679 sq.
351 1617 576 1680 Inspexit
607 1620 977 1668 Boissonadius.

212 1707 288 1754 Ex
318 1707 395 1754 his
429 1723 549 1768 quos
581 1709 633 1755 in
666 1724 864 1757 censum
895 1709 1142 1758 vocandos
1168 1724 1270 1757 esse
1296 1709 1414 1756 duxi
1439 1708 1628 1757 codices
1654 1710 1797 1771 quin-

3 1811 8 1814 -
104 1797 197 1843 que
228 1796 396 1830 rursus
429 1782 479 1828 in
514 1782 636 1830 duas
669 1783 931 1832 discedunt
962 1783 1179 1832 familias
1213 1799 1420 1845 quarum
1453 1783 1590 1845 prior
1619 1783 1796 1832 codici-

100 1853 191 1902 bus
231 1855 513 1918 Maonat,
562 1857 720 1905 altera
767 1859 956 1906 MoMu
1004 1859 1294 1906 continetur.
1358 1857 1623 1906 Rationem
1670 1873 1795 1920 quae

105 1928 236 1976 inter
269 1930 489 1993 singulos
523 1930 713 1979 codices
744 1932 1008 1980 intercedit
1038 1933 1130 1980 hoc
1162 1932 1255 1979 tibi
1286 1931 1460 1980 reddet
1490 1933 1700 1980 stemma

985 2071 1023 2102 ἃ

564 2625 640 2666 Ma
767 2625 1326 2676 own-MOMu

4 2748 20 2817 ,ἶ
103 2761 160 2808 In
206 2764 488 2812 universum
544 2767 680 2827 prior
725 2765 918 2812 familia
975 2767 1182 2814 alteram
1235 2767 1330 2814 fide
1384 2769 1608 2828 superat,
1662 2767 1793 2814 inter

103 2837 281 2896 prioris
317 2853 432 2885 vero
473 2838 663 2887 codices
706 2839 799 2886 Vat
827 2840 984 2887 multo
1023 2840 1172 2902 plura
1206 2840 1547 2904 neglegentiae
1578 2840 1791 2912 vestigia

104 2909 300 2958 exhibet
333 2926 479 2972 quam
510 2913 682 2962 Maoz.

1345 2997 1434 3037 28*
