2020 3146
591 126 781 171 AVARI
811 124 1037 170 MORTIS
1066 123 1305 171 ΡΕΤῙΤΙΟ
1723 124 1792 176 21

107 265 192 317 22.
233 262 452 331 βλέπων
491 264 686 317 τοίνυν
725 265 803 325 εἰς
841 263 906 316 τὰ
953 261 1237 331 ἀγάλματα
1283 261 1373 314 καὶ
1420 263 1551 324 τοὺς
1599 260 1658 314 ἐκ
1696 266 1796 330 θη-

101 362 325 423 σαυρῶν
372 353 819 419 πεπλουτηκότας
865 349 1179 421 ἀριθμήσας
1225 349 1498 419 ηὐχόμην,
1547 349 1796 418 ἐδεόμην,

104 440 349 494 ἱκέτευον
386 451 498 493 τῶν
532 439 540 511 Ι
574 440 711 492 ἴσων
756 437 847 492 καὶ
898 439 1064 502 αὐτὸς
1109 448 1309 508 τυχεῖν.
1358 438 1615 507 ἀπῆλθον
1661 443 1777 487 RIV
1800 447 1886 487 206

105 532 407 600 ἡγούμενος
444 528 758 582 πεπεικέναι
795 530 926 591 τοὺς
971 529 1156 590 θεούς.
1208 526 1300 581 καὶ
1338 530 1525 598 πρώτη
1564 527 1665 591 νὺξ
1705 526 1797 580 καὶ

104 619 337 687 ὀνείρων
368 620 493 683 ὄψις
524 617 740 686 ἀσαφὴς
772 615 898 670 οὔθ’
939 617 1079 680 ὅλως
1111 617 1450 687 ἀφεστηκυῖα
1488 623 1796 686 θησαυρῶν
1843 637 1863 670 5

104 709 231 762 οὔτε
285 709 520 761 διδοῦσα
573 710 865 769 παντελῶς.
928 708 1098 759 πάλιν
1160 702 1264 759 οὖν
1320 706 1425 775 ἐγὼ
1480 706 1606 776 περὶ
1667 708 1798 768 τοὺς

103 799 322 867 βωμοὺς
360 797 470 865 ἅμα
510 798 822 867 λιβανωτῷ,
869 802 1033 848 τοῦτο
1082 797 1186 865 γὰρ
1233 792 1304 864 ἧν
1349 796 1410 848 τὸ
1452 795 1666 863 δεινόν,
1705 793 1796 847 καὶ

102 885 275 957 ᾔτουν
313 894 503 953 σαφῶς
540 890 861 953 μηνυθῆναι
900 885 962 937 τὸ
1000 883 1211 954 κέρδος.
1258 883 1344 936 23.
1383 884 1416 953 ἡ
1455 882 1557 948 νὺξ
1597 882 1630 951 ἡ
1672 884 1796 936 δευ-

102 973 232 1043 τέρα
269 972 440 1027 πλέον
478 972 580 1041 μέν
618 992 670 1026 τι
710 982 805 1042 τῆς
843 972 1111 1043 προτέρας
1157 969 1327 1043 εἶχεν,
1375 974 1529 1026 οὔπω
1579 973 1640 1026 δὲ
1687 973 1795 1026 ἐδί-

103 1064 205 1116 δου
251 1068 512 1132 καθαρῶς
558 1061 726 1115 οὐδὲν
774 1062 907 1116 οὐδὲ
953 1062 1104 1130 αὕτη.
1153 1063 1377 1132 εἵμαρτο
1424 1062 1530 1133 γάρ
1576 1082 1667 1131 με,
1722 1062 1796 1124 ὡς
1819 1083 1863 1115 10

103 1153 261 1220 ἔοικε,
300 1151 391 1204 καὶ
429 1151 548 1222 τρὶς
588 1151 832 1219 ἐνεγκεῖν
871 1153 1193 1220 λιβανωτόν.
1242 1153 1452 1220 γίνεται
1499 1151 1566 1219 δὴ
1616 1152 1796 1204 τελεία

102 1259 185 1303 τις
238 1242 366 1304 ὄψις
417 1240 509 1293 καὶ
564 1239 850 1293 ἐκέλευσεν
904 1239 933 1293 ὁ
989 1239 1185 1310 φανεὶς
1238 1241 1371 1303 θεὸς
1426 1239 1665 1293 ἐλθόντα
1719 1241 1796 1302 εἰς

102 1329 276 1400 ἀγρὸν
338 1329 590 1399 ὀρύττειν
650 1333 872 1400 χωρίον,
934 1331 1105 1382 εἰπὼν
1159 1330 1188 1383 ὅ
1242 1349 1294 1382 τι
1347 1335 1511 1382 τοῦτο
1565 1325 1659 1397 ἧν,
1722 1328 1796 1390 ὡς

102 1416 320 1471 ἐκεῖθέν
358 1437 423 1487 με
461 1419 853 1488 κερδανοῦντα.
892 1417 1172 1489 ἐγείρομαι
1210 1419 1507 1488 περιχαρὴς
1536 1416 1629 1470 καὶ
1662 1414 1795 1470 οὐδὲ

100 1506 520 1574 ὑποδησάμενος
558 1504 718 1560 εἷπον
756 1517 872 1571 τοῖς
919 1507 1155 1571 οἰκέταις
1201 1509 1341 1577 ἄμας
1387 1526 1445 1560 τε
1490 1505 1582 1560 καὶ
1620 1505 1793 1559 θυλά-
1819 1526 1862 1559 15

99 1615 232 1658 κους
271 1595 345 1658 ὡς
382 1599 672 1659 πλείστους
711 1597 982 1666 λαβόντας
1021 1596 1369 1650 ἀκολουθεῖν.
1417 1595 1502 1648 24.
1543 1595 1796 1664 ἡγούμην

99 1683 320 1754 τρέχων.
362 1686 435 1747 ὡς
475 1683 536 1739 δὲ
574 1686 726 1754 ἥκων
765 1684 1015 1754 ἐπέγνων
1052 1686 1114 1738 τὸ
1154 1686 1384 1755 χωρίον,
1433 1694 1656 1754 πρῶτον
1695 1680 1797 1751 μὲν

100 1773 234 1826 αὐτό
274 1793 330 1826 τε
370 1772 547 1827 ἐκεῖνο
587 1772 678 1827 καὶ
717 1775 816 1828 τὸν
854 1773 1142 1844 πέμψαντα
1190 1773 1363 1828 ἐκεῖσε
1408 1773 1797 1842 προσεκύνησα

101 1863 360 1931 δαίμονα,
414 1860 599 1916 ἔπειτα
654 1864 904 1934 ὤρυττον
956 1864 1286 1934 προσπεσὼν
1340 1862 1505 1925 αὐτός
1559 1881 1617 1915 τε
1678 1869 1796 1924 ταῖς

101 1950 340 2020 ἐμαυτοῦ
386 1952 540 2021 χερσὶ
586 1952 676 2005 καὶ
723 1961 841 2015 ταῖς
886 1961 1000 2005 τῶν
1047 1954 1426 2022 θεραπόντων.
1480 1949 1571 2004 καὶ
1622 1952 1795 2013 πολὺς
1819 1971 1864 2003 20

222 2133 243 2170 1
279 2127 359 2170 καὶ
384 2153 439 2158 -
466 2132 492 2170 2
524 2125 733 2185 ηὐχόμην
766 2142 840 2171 om
859 2128 912 2173 Ol
1033 2133 1058 2171 3
1091 2127 1170 2172 καὶ
1196 2127 1337 2179 αὐτὸς
1358 2135 1452 2171 τῶν
1477 2126 1588 2172 ἴσων
1606 2127 1677 2172 Va

98 2191 126 2228 4
157 2193 342 2241 πρῶτον
365 2187 441 2230 La
561 2191 587 2230 5
619 2186 805 2243 ἀσαφὴς
838 2185 949 2243 ὄψις
981 2188 1048 2232 Va
1076 2190 1082 2244 Ι
1110 2187 1165 2232 οὐ
1198 2185 1350 2243 σαφής
1374 2187 1420 2230 Β
1542 2190 1567 2229 6
1601 2181 1687 2230 οὖν
1719 2198 1795 2229 om

108 2246 178 2289 Va
298 2249 323 2288 9
357 2243 497 2290 πλείω
529 2246 640 2289 Ferr
673 2248 720 2289 et
751 2263 805 2302 γρ
837 2246 886 2289 in
918 2259 1052 2304 marg
1082 2246 1186 2290 Mor
1226 2247 1232 2303 Ι
1272 2245 1428 2302 μέντοι
1451 2246 1654 2290 LLaVa
1684 2244 1797 2288 Fen·

102 2304 107 2363 Ι
144 2302 362 2359 δευτέρας
386 2306 429 2348 L
454 2305 534 2349 sed
559 2305 608 2348 in
632 2304 859 2360 προτέρας
885 2319 985 2350 corr
1007 2305 1077 2349 m²
1104 2307 1110 2362 Ι
1139 2304 1279 2350 οὐδὲν
1304 2306 1412 2349 ante
1437 2303 1598 2350 ἐδίδου
1624 2305 1676 2349 Ol

7 2365 11 2373 “
102 2368 155 2406 10
188 2363 306 2419 αὐτή
331 2363 460 2408 ClLa
495 2368 501 2422 Ι
537 2364 711 2420 ἔκειρτο
739 2365 792 2409 Ol
826 2366 832 2421 Ι
867 2364 950 2419 μὲν
981 2367 1090 2421 post
1121 2363 1308 2421 εἵμαρτο
1343 2365 1412 2409 Va
1439 2365 1446 2421 Ι
1485 2364 1546 2414 ὡς
1577 2363 1726 2407 ἔοικεν
1758 2358 1795 2406 ὦ

97 2422 204 2466 θεοὶ
232 2423 284 2468 ΟΖ
344 2418 379 2466 ὦ
410 2424 518 2467 θεοὶ
544 2424 619 2468 La
742 2428 793 2466 11
829 2441 908 2468 κεν
939 2426 1047 2481 post
1078 2422 1159 2468 καί
1183 2425 1260 2468 La
1309 2427 1314 2479 Ι
1363 2429 1486 2478 τρεῖς
1511 2423 1563 2468 Ol
1611 2426 1617 2478 Ι
1667 2423 1794 2480 λιβα-

100 2489 264 2531 νωτοῖς
291 2482 343 2526 ΟΖ
376 2482 382 2540 Ι
422 2481 627 2539 γίγνεται
652 2483 820 2527 LLaB
855 2486 862 2540 Ι
890 2483 940 2526 δὲ
968 2485 1120 2528 PaVa
1244 2488 1298 2527 12
1331 2499 1400 2533 τις
1433 2481 1544 2539 ὄψις
1575 2496 1651 2525 om
1675 2482 1750 2526 Pa
1784 2490 1792 2537 Ι

97 2538 166 2591 τίς
189 2542 392 2585 LaVaB
420 2544 426 2597 Ι
456 2541 662 2586 ἐκέλευεν
695 2543 764 2587 Va
888 2547 940 2585 13
972 2542 1055 2587 τὸν
1089 2545 1197 2586 ante
1229 2542 1376 2598 ἀγρὸν
1401 2542 1523 2586 ΡαΒ
1555 2541 1657 2585 Mor
1681 2541 1748 2584 Re
1785 2540 1790 2598 Ι

98 2602 290 2656 χρυσίον
322 2600 392 2644 Va
441 2605 447 2658 Ι
499 2598 567 2645 ὅτι
601 2602 668 2646 Va
701 2602 782 2645 sed
813 2601 864 2644 in
896 2599 1016 2645 ὅπου
1049 2615 1151 2646 corr
1182 2601 1252 2644 m²
1390 2605 1445 2644 14
1477 2616 1561 2656 μεν
1585 2601 1660 2644 La

100 2662 154 2701 15
187 2658 539 2716 ὑποδυσάμενος
563 2661 605 2703 L
633 2663 639 2718 Ι
669 2661 811 2705 εἰπὼν
832 2659 884 2705 C'l
911 2662 917 2717 Ι
945 2660 1128 2716 &aas-L
1160 2662 1208 2704 et
1237 2658 1546 2716 τζαπεδίκηλα
1579 2659 1627 2702 in
1660 2672 1797 2715 marg

98 2759 167 2803 m²
227 2735 350 2818 ἅῧασ
382 2762 452 2806 Va
513 2761 636 2819 ἁμάς
669 2763 721 2808 Ol
781 2763 903 2819 ἄμας
928 2765 1003 2808 La
1065 2763 1160 2821 ἅμα
1185 2764 1260 2809 Ρα
1286 2766 1292 2820 Ι
1320 2762 1559 2813 θυλακοὺς
1590 2761 1694 2805 Mor
1724 2761 1792 2804 Re

222 2825 275 2863 16
307 2821 388 2864 καὶ
420 2822 528 2864 ante
559 2821 769 2880 ἡγούμην
793 2824 839 2866 Β
963 2827 1016 2866 17
1049 2819 1166 2877 ἧκον
1183 2824 1227 2867 L
1253 2823 1334 2866 sed
1359 2823 1408 2865 in
1432 2819 1559 2878 ἥκων
1584 2834 1686 2864 corr
1708 2818 1793 2874 m',

101 2876 230 2943 QlLa
241 2880 311 2923 Va
426 2883 480 2922 18
505 2880 587 2924 τὸν
611 2882 660 2925 et
682 2881 827 2926 ἐκεῖσε
853 2895 928 2925 om
946 2882 1019 2926 Pa
1130 2886 1183 2925 19
1209 2897 1256 2926 τε
1282 2895 1357 2925 om
1375 2882 1449 2925 La
1558 2884 1614 2924 20
1639 2878 1792 2934 καὶ(2)

97 2938 275 2980 mserui
307 2951 331 2981 e
357 2939 615 2984 GlLaVaB
677 2953 752 2983 om
776 2941 896 2985 LPa
928 2941 1019 2984 edd
1727 2945 1730 2948 ⁴
