2014 3158
390 132 799 177 PHILADELPHI
828 131 1255 177 ABDICATIONIS
1287 132 1526 188 ΡΕΤΙΤΙΟ
1708 133 1815 186 629

121 271 349 338 τείαις,
406 269 842 338 ἀντιβολίαις,
907 270 1241 338 δεήσεσεν,
1304 270 1646 340 ὀδυρμοῖς,
1709 270 1817 323 δά-

120 373 384 428 κρυσιν,
454 357 552 412 ἀεὶ
613 359 862 428 παρών,
925 359 1168 426 συνών,
1239 359 1818 429 συνδιαιτώμενος.

119 446 278 518 μέγα
317 446 367 500 δ’
413 446 490 501 ἂν
529 447 758 518 ἴσχυσε
796 448 956 518 πρὸς
996 448 1354 516 διαλλαγὰς
1392 446 1498 501 καὶ
1537 449 1606 501 τὸ
1646 449 1818 519 παρὰ

118 539 320 591 πότον
343 535 744 600 στενάξαντα
769 535 1167 590 ἀνακαλέσαι
1200 538 1315 590 τὸν
1347 536 1650 606 ἀδελφόν.
1676 535 1820 591 ἀλλ’

120 626 237 680 οὐκ
292 625 555 695 ἐποίησε
608 627 858 679 τούτων
913 623 1112 679 οὐδὲν
1159 625 1191 695 ἢ
1238 626 1495 689 πάντως
1542 625 1618 679 ἂν
1672 646 1816 696 μετ·
1864 647 1884 680 ⁵

120 717 436 783 εστήσατο
475 717 588 769 τὸν
626 713 821 783 γονέα
859 722 970 784 τῆς
1009 715 1220 786 ὀργῆς.
1278 714 1352 768 οὐ
1399 716 1519 786 γὰρ
1569 716 1643 784 δὴ
1692 725 1819 769 τῶν

118 808 373 875 θηρίων
413 804 815 875 ἀγριώτερος
854 803 932 857 ἂν
970 801 1047 873 ἦν
1087 801 1242 858 οὐδὲ
1273 803 1474 858 πλέον
1512 806 1628 859 τὸν
1667 805 1819 858 υἱὸν

118 892 150 962 ἢ
206 896 357 957 τοὺς
417 896 778 961 πολεμίους
837 903 1070 962 μισῶν,
1134 887 1233 957 οἷς
1292 893 1608 956 πολλάκις
1668 892 1819 963 μεθ’

114 982 292 1051 ἡμῶν
331 982 676 1036 ἐσπείσατο
717 985 840 1036 σὺν
879 983 1110 1047 ὅπλοις
1147 982 1574 1051 ἐπελθοῦσιν,
1610 980 1817 1047 ““Ἠλιε,

115 1070 219 1125 καὶ
274 1074 439 1126 πολὺ
495 1081 621 1126 τῶν
675 1077 960 1127 πολιτῶν
1023 1072 1394 1126 ἀναλωκόσι
1454 1070 1560 1125 καὶ
1622 1073 1816 1126 σπεύ-
1841 1094 1885 1126 ιο

114 1162 306 1215 δουσι
358 1161 766 1226 κατασκάψαι
821 1160 979 1234 τὴν]
1020 1163 1226 1215 πόλιν.
1297 1161 1385 1214 47.
1440 1168 1631 1215 τοῦτο
1680 1165 1906 1211 RIV700

113 1251 234 1321 γὰρ
284 1249 715 1320 ἀνθρώπινον
767 1249 875 1304 καὶ
930 1248 1220 1321 ἀσφαλὲς
1273 1251 1341 1304 τὸ
1396 1252 1696 1319 μηδαμοῦ
1747 1253 1817 1304 τὸ

59 1359 65 1365 ·
113 1339 355 1410 μέτρον
402 1338 757 1410 ἐκβαίνειν.
803 1341 1205 1412 κεκράτηκας
1241 1343 1589 1409 πολεμίων.
1638 1350 1818 1393 σπεῖ-

114 1444 233 1483 σαι.
286 1430 488 1482 παῖδα
528 1427 984 1499 ἐσωφρόνισας
1025 1429 1332 1500 ἐκβαλών.
1380 1428 1819 1499 ἀναλάμβανε.

113 1517 143 1572 ὁ
184 1516 252 1572 δὲ
300 1520 538 1588 σεμνὸς
584 1518 892 1590 ἀριστεὺς
938 1527 1011 1590 τῇ
1058 1519 1175 1587 μὲν
1225 1520 1483 1588 αἰτήσει
1539 1519 1818 1588 χρηστὸς
1842 1539 1884 1572 15

115 1608 331 1677 ὤφθη,
385 1615 466 1680 τῷ
524 1606 574 1660 δ’
636 1608 962 1677 ἀτυχήσας
1014 1609 1095 1678 μὴ
1151 1612 1511 1678 χαλεπῆναι
1566 1611 1817 1677 φαῦλος

112 1697 217 1750 καὶ
256 1698 370 1751 τὸν
410 1695 507 1766 ἐφ’
545 1690 643 1760 οἷς
683 1695 1073 1766 ἐπήγγειλεν
1111 1695 1385 1751 ἔπαινον
1425 1689 1522 1759 οἷς
1561 1696 1635 1750 οὐ
1675 1699 1816 1749 πεί-

113 1801 226 1850 σας
256 1783 477 1859 πρςὶως
506 1788 782 1856 ἤνεγκεν
815 1786 1169 1856 ἐξήλειψεν.
1209 1786 1298 1840 48.
1324 1785 1486 1839 ἀλλὰ
1516 1787 1581 1838 τί
1610 1784 1815 1855 ἐχρῆν

111 1884 352 1940 ποιεῖν;
401 1884 643 1945 φυγεῖν
690 1876 895 1939 οὕτως
941 1874 1171 1944 ἀνελεῆ
1222 1874 1495 1945 πατέρα,
1543 1883 1816 1945 μισῆσαι

110 1965 384 2035 πικρίαν
415 1966 776 2035 ἄπαυστον,
807 1964 1292 2033 μετατάξασθαι
1325 1964 1487 2034 πρὸς
1517 1965 1632 2018 τὸν
1665 1962 1814 2016 ἀτυ-
1838 1984 1883 2017 20

114 2061 359 2122 χοῦντα
407 2053 723 2124 ἀδελφόν,
777 2053 938 2123 ἡδίω
986 2056 1254 2124 νομίσαι
1302 2054 1420 2122 τὴν
1465 2054 1620 2121 μετὰ
1670 2053 1815 2105 τού-

112 2162 229 2196 του
269 2146 504 2196 πενίαν
541 2151 654 2213 τῆς
691 2151 806 2197 τοῦ
845 2145 1086 2213 πατρὸς
1124 2143 1526 2213 περιουσίας.

223 2231 311 2285 49.
337 2230 458 2285 Ἵνα
498 2233 565 2300 δὴ
605 2234 677 2301 μὴ
717 2233 998 2295 τοιαύταις
1036 2232 1303 2296 ὑποψίαις
1352 2230 1644 2300 ἐνέχωμαι,
1691 2228 1818 2283 κατ’

112 2319 352 2388 ἐμαυτοῦ
392 2321 588 2391 γράφω
629 2321 731 2390 τὴν
770 2319 1020 2390 ἐκβολήν.
1072 2324 1360 2390 κερδανεῖς
1400 2316 1459 2372 δὲ
1499 2317 1590 2372 καὶ
1630 2318 1813 2387 αὐτός,

114 2405 155 2461 ὦ
196 2407 390 2479 πάτερ,
439 2409 499 2462 ἐν
537 2416 613 2481 τῷ
652 2410 751 2463 τὸν
790 2408 1079 2479 γράφοντα
1119 2407 1213 2478 ἐμὲ
1261 2416 1432 2462 ταῦτα
1482 2402 1639 2460 εἶναι.
1690 2410 1815 2461 τίνα
1838 2427 1881 2462 25

234 2606 257 2643 1
293 2599 393 2643 ἀντι
430 2602 559 2651 ολαῖς
583 2600 677 2644 Ath
820 2605 846 2643 9
885 2600 1015 2658 ἡμῶν
1049 2600 1216 2658 scripsi
1248 2615 1274 2644 e
1307 2598 1441 2644 libris
1518 2598 1647 2654 ὑμῶν
1678 2597 1770 2641 edd
1806 2599 1810 2656 ί

114 2658 204 2715 ἥδη
230 2659 336 2704 coni
410 2672 462 2702 or
523 2658 580 2715 νὴ
610 2656 704 2703 Δία
728 2659 889 2704 Iacobs
912 2660 1019 2704 Add
1046 2664 1130 2705 119
1155 2660 1270 2703 Lech
1295 2660 1347 2702 at
1370 2657 1428 2701 of.
1454 2657 1568 2714 adp
1573 2660 1709 2711 .‚693
1728 2661 1752 2699 7

111 2716 342 2774 ἡμετέραν
373 2717 676 2774 praetulerim
809 2723 863 2762 10
893 2720 1092 2771 πολλοὺς
1115 2720 1160 2786 Β
1198 2718 1217 2786 j
1270 2715 1531 2774 ἀνηλωκόσι
1537 2672 1709 2760 pAthB

116 2782 169 2821 12
208 2778 260 2821 τὸ
272 2779 334 2834 (2)
368 2776 445 2820 del
470 2776 534 2820 Ρ2
677 2781 732 2820 16
773 2776 1006 2851 ἀτυχήσας
1045 2777 1211 2834 scripsi
1243 2791 1270 2820 e
1298 2777 1346 2821 Β
1423 2775 1509 2818 ἀτυ
1511 2774 1703 2832 χήσαντι
1726 2775 1819 2820 LP

114 2836 322 2881 AthMos'
349 2836 441 2880 edd
482 2835 564 2879 sed
597 2836 729 2890 ,,.Ῑονῦ
764 2835 1087 2894 ἀτυχήσαντα“
1121 2837 1189 2879 Re
1340 2839 1394 2877 17
1428 2833 1699 2890 ἐπήγγελλεν
1724 2835 1817 2879 LP

117 2895 364 2999 Mosterr
406 2897 412 2948 Ι
453 2895 507 2938 οὐ
541 2909 616 2938 om
640 2895 733 2940 Ath
855 2900 911 2939 20
944 2895 1190 2956 ἄψαυστον
1215 2896 1261 2945 Β
1388 2898 1440 2937 21
1477 2891 1622 2950 ἡδίων
1646 2894 1736 2938 Β

115 2958 171 2998 24
202 2957 232 2999 δ
285 2967 362 2999 om
385 2955 431 2999 Β
