2044 3168
8 434 13 486 *q*
9 398 11 403 ·
9 352 13 368 ν
9 296 14 324 -*
10 166 23 274 —v-2-⁴

418 139 663 184 IUVENIS
695 140 908 186 FORTIS
940 139 1162 184 DIVITIS
1194 139 1499 184 APOLOGIA
1695 141 1804 193 255

108 275 248 346 ἔχεις
289 276 481 343 οὐδέν,
529 285 734 329 παῦσαι
775 278 971 330 λοιπὸν
1010 275 1130 345 ἐμοὶ
1169 277 1390 344 μείζονα
1427 276 1529 345 μὲν
1575 283 1671 344 τῆς
1710 278 1805 329 δυ-

109 366 339 434 νάμεως,
378 364 601 418 ἐναντία
640 366 702 419 δὲ
739 373 804 435 τῇ
843 367 1107 433 βουλήσει
1145 366 1610 433 προβαλλόμενος.

222 454 308 508 27.
346 453 494 508 Ἀλλ’
550 453 802 523 ἑτέραν,
857 454 1055 524 φησίν,
1112 455 1325 507 αἰτεῖν
1378 451 1514 506 ἔδει
1569 468 1635 506 σε
1684 456 1803 507 δω-

110 544 280 613 ρεάν.
319 542 409 596 καὶ
450 546 630 596 πόθεν
668 539 738 611 ἦν
776 563 870 612 μοι
905 551 1146 595 τοσαῦτα
1177 549 1251 614 τῷ
1287 543 1440 613 δήμῳ
1474 547 1804 607 λυσιτελεῐν;

108 636 240 687 ποία
276 631 342 686 δέ
367 652 475 699 μου
507 634 638 695 τοὺς
666 635 963 699 πολεμίους
995 631 1140 684 οὕτω
1171 630 1540 699 κατέπληττεν
1571 631 1803 699 αἴτησις;
1852 655 1871 685 5

108 723 319 791 πολλὴν
358 721 387 775 ὁ
427 723 598 790 δῆμος
637 723 968 789 προσθήκην
1009 720 1067 773 ἐκ
1112 729 1226 773 τῶν
1273 720 1420 788 ἐμῶν
1450 717 1618 789 ’ἔσχεν
1658 723 1804 788 αἰτή-

109 826 252 863 σεων
283 809 373 862 καὶ
408 813 579 878 ἔγωγε
609 809 782 877 ἡδέως
814 808 884 862 ἂν
914 817 1014 862 τοῦ
1049 817 1233 878 σοφοῦ
1265 811 1577 878 κατηγόρου
1607 811 1804 863 πυθοί-

107 916 238 968 μην·
279 900 368 952 &a
406 897 533 967 μεθ’
578 897 734 966 ἡμῶν
771 890 825 951 οἱ
871 899 1067 952 πολλοὶ
1114 899 1515 972 παρετάττοντο
1558 900 1806 967 φυγάδες

108 988 198 1042 καὶ
240 991 514 1041 συναίτιοι
560 995 655 1056 τῆς
697 986 956 1056 δευτέρας
1003 987 1136 1055 ἡμῖν
1183 985 1436 1056 ἐγίνοντο
1484 991 1663 1056 νίκης,
1709 989 1805 1042 πό-

107 1097 237 1146 τερα
275 1077 449 1145 καλὴν
494 1073 638 1130 εἶναι
683 1077 784 1146 τὴν
835 1074 971 1145 ἐμὴν
1010 1077 1398 1143 ὑπελάμβανεν
1433 1080 1440 1139 Ι
1476 1081 1624 1145 αἶτη-
1672 1082 1792 1126 RIV
1808 1087 1893 1126 549

109 1181 199 1221 σιν
247 1165 338 1219 καὶ
385 1166 715 1235 δημοτικοὺς
767 1165 906 1235 ἡμᾶς
958 1167 1093 1234 μετὰ
1146 1175 1258 1218 τῶν
1312 1167 1497 1218 ἄλλων
1545 1165 1726 1220 ἐκάλει
1771 1158 1871 1235 ἢίι

107 1258 275 1322 μόνος
321 1256 420 1308 τὸν
464 1263 559 1323 τῆς
604 1256 938 1325 τυραννίδος
985 1254 1311 1324 ἐμαντεύετο
1358 1258 1568 1318 πόθους
1623 1256 1709 1309 28.
1758 1259 1807 1309 εἰ

107 1342 209 1414 μὲν
254 1346 359 1413 γὰρ
405 1345 508 1413 τὴν
553 1353 667 1397 τῶν
714 1343 936 1413 ἀνδρῶν
988 1346 1315 1413 προθυμίαν
1363 1346 1512 1413 ὁρῶν
1557 1345 1660 1413 τὴν
1705 1353 1804 1398 τοῦ

108 1435 374 1502 λαβόντος
414 1430 601 1504 ἐπῄνει
640 1435 965 1504 προαίρεσιν
1003 1432 1096 1486 καὶ
1135 1436 1235 1487 τὸν
1265 1436 1647 1502 ψηφιζόμενον
1678 1433 1805 1487 ἀπε-

108 1522 293 1591 δέχετο
346 1523 547 1592 δῆμον,
594 1533 707 1586 πῶς
747 1523 815 1577 οὐ
864 1523 1021 1576 δεινὰ
1057 1518 1210 1576 ποιεῖ’
1244 1525 1465 1587 τούτοις
1503 1531 1612 1576 νῦν
1650 1523 1804 1591 ε’γκα-
1830 1544 1870 1576 15

108 1616 223 1665 λῶν
261 1608 340 1665 ὧν
378 1614 499 1665 τότε
538 1613 635 1675 τὰς
671 1611 895 1682 πράξεις
935 1611 1268 1681 ἐθαύμαζεν;
1316 1613 1364 1665 εἰ
1404 1610 1465 1666 δὲ
1503 1614 1604 1682 τὴν
1645 1614 1805 1682 νίκην

109 1701 257 1768 ὁρῶν
294 1703 426 1764 τοὺς
465 1701 885 1770 συνδράσαντας
923 1699 1099 1770 ἐμίσει
1138 1702 1368 1764 πολίτας
1405 1701 1497 1754 καὶ
1535 1703 1597 1754 τὸ
1636 1704 1805 1769 μόνος

107 1790 380 1857 ἡττᾶσθαι
417 1798 518 1843 τοῦ
557 1791 690 1857 μετὰ
735 1790 947 1843 τούτων
994 1798 1158 1843 νικᾶν
1205 1791 1567 1859 αἱρετώτερον
1605 1788 1804 1860 ἔκρινε,

106 1889 220 1940 πῶς
253 1879 356 1932 οὐκ
394 1876 620 1949 ἔλεγχον
660 1879 823 1942 αὐτὸς
861 1887 1031 1932 ταῦτα
1070 1887 1165 1949 τῆς
1195 1878 1321 1949 περὶ
1353 1881 1452 1932 τὸν
1485 1880 1663 1949 δῆμον
1694 1882 1804 1950 ἔχει

106 1971 298 2031 κακίας
358 1966 450 2021 καὶ
502 1969 837 2038 τυραννίδος
891 1968 1125 2023 ἀπίστου
1181 1977 1505 2039 κατηγορῶν
1560 1977 1803 2039 φανερᾶς
1826 1990 1871 2022 εο

106 2058 408 2126 προδοσίας
446 2055 670 2126 φέρεται
709 2056 939 2126 μέμψιν;

219 2145 306 2198 29.
331 2143 448 2199 Ὀτι
494 2166 598 2215 μεν
645 2142 750 2199 οὖν
794 2154 895 2199 τοῦ
941 2166 1102 2217 κοινῃ
1149 2146 1531 2217 συμφέροντος
1569 2149 1730 2216 χάριν
1770 2147 1802 2216 ἡ

109 2239 320 2303 αἴτησις
358 2234 605 2303 γέγονεν,
646 2235 707 2287 αἰ
739 2233 936 2288 πολλαὶ
971 2234 1045 2288 δι’
1084 2235 1218 2304 ἐμοῦ
1254 2237 1594 2305 δεδηλώκασι
1635 2244 1801 2305 νῖκαι,

229 2400 283 2438 22
316 2394 562 2453 ἀντίληψις
587 2397 734 2440 Mrubr

229 2548 255 2586 2
287 2545 429 2601 βουλῆ
455 2545 513 2589 H
516 2545 576 2588 Vt
695 2549 721 2587 3
754 2543 926 2599 ἑτέροις
959 2545 1026 2589 Va
1053 2547 1060 2600 Ι
1087 2542 1231 2601 φησίν
1256 2558 1332 2588 om
1356 2546 1458 2590 ACl
1484 2546 1491 2598 Ι
1520 2543 1665 2588 ἔδεισε
1689 2544 1800 2588 Fen·

109 2602 212 2646 Mor
331 2607 359 2645 4
388 2606 450 2662 τῷ
482 2602 616 2678 δήμῳ
642 2610 844 2647 τοσαῦτα
870 2603 988 2648 GlM
1010 2611 1017 2659 Ι
1043 2607 1105 2661 τῷ
1138 2602 1268 2664 δήμῳ
1298 2603 1424 2647 inser
1450 2601 1541 2648 Va*
1661 2607 1689 2646 5
1721 2618 1797 2646 ου-

108 2677 171 2705 τω
204 2675 280 2706 om
313 2663 372 2706 Vi
510 2666 538 2707 8
574 2661 620 2706 οἱ
650 2663 812 2707 πολλοὶ
843 2659 955 2718 μέθ
991 2670 1121 2719 ἡμῶν
1154 2665 1210 2709 Vi
1353 2667 1378 2706 9
1421 2661 1635 2719 ἐγένοντο
1670 2662 1726 2706 Vi

109 2717 348 2777 ἐγίγνοντο
373 2721 565 2766 BVaM
591 2721 683 2765 edd
815 2726 881 2764 10
915 2717 1035 2766 εἶναι
1066 2735 1143 2766 om
1170 2723 1224 2768 Ul
1359 2726 1412 2764 12
1445 2721 1527 2765 τὸν
1561 2722 1631 2767 Va
1661 2720 1743 2764 sed
1774 2736 1799 2763 τ

108 2779 160 2823 in
190 2792 265 2823 ras
296 2779 367 2822 111³
436 2788 527 2824 τῶν
550 2781 596 2825 A
741 2785 795 2824 16
828 2780 1096 2835 ἐθαύμαζον
1131 2782 1187 2826 Vi
1332 2786 1384 2824 17
1417 2779 1588 2837 μόνους
1615 2780 1667 2826 C'l

112 2842 167 2882 18
190 2838 243 2883 τὸ
263 2839 315 2885 Ol
340 2842 347 2895 Ι
373 2847 517 2884 νικῶν
535 2840 578 2883 A
605 2841 613 2895 Ι
641 2840 819 2895 ἔκρινεν
837 2841 882 2884 Β
896 2841 1028 2884 VaM
1050 2840 1142 2883 edd
1266 2844 1317 2884 19
1348 2839 1467 2884 αὐτὰ
1483 2840 1610 2884 BVa
1637 2841 1643 2894 Ι
1670 2837 1797 2892 παρὰ

111 2898 156 2942 A
184 2899 189 2953 Ι
218 2898 338 2955 ἔχειν
355 2900 401 2943 A
520 2902 577 2942 20
602 2899 682 2943 καὶ
707 2925 762 2931 -
788 2903 841 2942 21
869 2897 1044 2955 μέμψιν
1069 2913 1145 2943 om
1172 2900 1224 2946 Ol
1345 2904 1401 2942 22
1433 2905 1594 2943 κοινοῦ
1620 2898 1717 2942 ΗΒ
1730 2897 1798 2941 Va

230 2962 284 3001 23
319 2954 384 3001 δι’
419 2957 550 3016 ἐμοῦ]
580 2963 637 3013 τῆ
670 2958 880 3014 οὐδαμοῦ
906 2959 963 3002 Η
1710 2990 1713 2992 -
