2014 3158
391 90 798 135 PHILADELPHI
831 89 1256 135 ABDICATIONIS
1288 89 1525 135 ΡΕΤῙΤῙΟ
1707 90 1812 143 631

124 231 227 298 γὰρ
266 230 522 283 τοιοῦτόν
560 247 612 281 τι
651 226 946 296 πέπυσμαι,
995 226 1131 295 ὀργὴ
1172 227 1303 295 γάρ,
1343 225 1505 294 ἡνίκα
1545 227 1615 280 ἂν
1652 226 1817 294 ὑπερ-

127 317 266 389 ζέσῃ,
305 318 406 372 τὸν
443 317 710 385 λογισμὸν
747 316 1048 384 παρώσασα
1088 313 1313 384 φέρεται
1351 310 1386 386 ᾗ
1426 316 1496 369 ἂν
1534 317 1683 387 τύχῃ.

138 424 147 431 “
233 406 319 460 53.
363 408 573 460 Σκόπει
625 407 821 459 τοίνυν
874 405 1021 468 ὅπως
1071 420 1131 458 σε
1186 408 1332 473 φιλῶ
1373 403 1464 459 καὶ
1514 414 1685 459 ταῦτα
1725 410 1818 459 λυ-

124 504 350 550 ποῦντα.
389 494 606 565 παρέχω
648 509 736 549 σοι
775 495 1043 564 τιμωρίαν
1088 493 1405 562 πράξασθαι
1444 494 1819 563 διαφεύγοντα

122 587 223 655 τὴν
276 586 559 655 αἰσχύνην.
621 585 683 638 τὸ
737 585 840 652 γὰρ
899 583 1149 637 ἐκπεσεῖν
1202 603 1268 652 με
1323 592 1418 653 τῆς
1473 585 1648 647 οἰκίας
1702 595 1819 647 τοῖς
1865 604 1883 637 5

124 675 363 745 ἐμαυτοῦ
405 677 588 743 λόγοις
627 673 688 727 ἐν
724 670 827 741 μὲν
871 678 946 745 τῷ
985 673 1059 741 μὴ
1105 672 1351 742 μετέχειν
1400 682 1511 726 τῶν
1549 671 1821 744 πατρςόων

121 765 351 834 κολάζει,
391 764 452 818 έν
491 760 551 817 δὲ
582 769 657 836 τῷ
685 770 788 816 σοῦ
822 771 1091 831 σιγῶντος
1129 771 1316 831 τυχεῖν
1355 763 1490 816 ἄνευ
1531 764 1708 826 αἰτίας
1740 758 1820 816 ὧν

122 853 414 921 ἐπιθυμεῖς
453 854 663 906 δίδωσι.
703 851 789 905 54.
827 851 983 921 φέρε,
1023 857 1079 905 εἴ
1111 871 1177 921 με
1218 850 1456 921 ἐβούλου
1494 855 1820 906 καταποντί-

124 957 239 1011 σαι,
287 942 511 1012 φθάσας
558 939 618 994 δὲ
666 941 830 1004 αὐτὸς
878 940 1116 1008 ἐμαυτὸν
1157 939 1422 1009 ἐνέβαλον
1461 942 1538 1004 εἰς
1576 941 1678 1010 τὴν
1714 941 1820 995 θά-

123 1035 356 1097 λασσαν,
404 1031 508 1084 οὐκ
547 1032 616 1085 ἄν
664 1045 724 1083 σε
777 1029 1115 1101 εὐηργέτουν
1162 1030 1483 1099 ἀποπνιγείς
1530 1050 1588 1084 τε
1626 1028 1717 1083 καὶ
1758 1027 1819 1084 σὲ
1843 1051 1887 1084 ιο

120 1128 220 1174 τοῦ
274 1120 486 1189 μύσους
541 1118 872 1189 ἀπαλλάξας,
927 1121 975 1173 εἰ
1030 1119 1092 1173 δὲ
1144 1118 1321 1188 ἥδιστ’
1375 1119 1445 1172 ἂν
1500 1119 1820 1183 ἀπέκτεινας

121 1209 286 1278 ξίφει,
326 1218 489 1263 τοῦτο
531 1206 591 1262 δὲ
630 1208 797 1272 αὐτὸς
836 1210 1170 1278 αἰσθόμενος
1210 1211 1288 1272 εἰς
1328 1207 1567 1278 ἐμαυτὸν
1606 1205 1722 1262 ὦσα
1756 1211 1818 1262 τὸ

120 1299 378 1367 σιδήριον
415 1305 520 1352 σοῦ
559 1296 973 1366 διαμέλλοντος,
999 1298 1116 1351 οὐκ
1156 1297 1227 1351 ἂν
1265 1292 1336 1366 ἦν
1375 1311 1464 1350 σοι
1504 1296 1820 1366 κεχαρισμέ-

119 1407 215 1451 νος
261 1388 500 1450 τεθνεώς
545 1406 603 1441 τε
649 1385 740 1440 καὶ
790 1383 850 1440 σὲ
898 1387 1233 1457 διατηρήσας
1278 1388 1532 1456 καθαρὸν
1578 1393 1680 1440 τοῦ
1721 1388 1820 1457 φό-

121 1497 249 1541 νου;
304 1475 389 1530 55.
431 1476 536 1530 ἀπὸ
584 1485 679 1546 τῆς
725 1475 894 1545 αὐτῆς
938 1475 1030 1530 καὶ
1076 1484 1185 1530 νῦν
1239 1476 1458 1545 γνώμης
1512 1474 1820 1546 ἄποκηρύτ-
1845 1497 1886 1530 15

121 1571 316 1620 τεσθαι
364 1566 648 1634 βούλομαι.
696 1563 903 1619 ἐλθέτω
950 1567 1149 1632 μανίας
1196 1563 1278 1618 ἐπ’
1333 1562 1425 1634 ἐμὲ
1471 1567 1684 1632 μᾶλλον
1736 1561 1821 1633 ἔγ-

120 1659 297 1725 κλημα
336 1654 369 1724 ἢ
416 1655 515 1708 τὸν
566 1653 775 1724 πατέρα
829 1654 1100 1723 ἀσεβείας·
1153 1655 1352 1708 εἰπάτω
1393 1673 1475 1717 τις
1515 1655 1589 1716 ὡς
1628 1653 1657 1707 ὁ
1698 1674 1822 1707 νεα-

121 1746 309 1807 νίσκος
354 1747 652 1815 παραπαίει
699 1748 909 1812 μᾶλλον
947 1743 980 1812 ἢ
1021 1743 1050 1797 ὁ
1097 1744 1406 1813 πρεσβύτης
1456 1753 1820 1814 παραφρονεῖ.

122 1834 253 1903 λάβε
313 1835 499 1902 δίκην,
553 1829 595 1887 ὦ
650 1834 847 1904 πάτερ,
911 1834 1043 1901 λάβε
1095 1834 1351 1902 μεγάλων
1406 1832 1821 1903 ἁμαρτημάτων.

122 1922 504 1992 ἐμνημόνευσα
527 1924 667 1993 πρὸς
691 1923 751 1976 σὲ
776 1924 1220 1992 φιλανθρωπίας,
1246 1922 1625 1991 ἐμνημόνευσα
1649 1937 1817 1990 προσ·
1844 1944 1888 1976 20

121 2013 348 2082 ηγορίας
392 2011 656 2082 ἀδελφοῦ,
697 2010 1020 2082 ἐμεμψάμην
1058 2011 1250 2082 ὀργήν,
1291 2010 1529 2082 ἐπῄνεσα
1570 2013 1821 2080 συγγνώ-

122 2122 245 2171 μην.
298 2096 368 2169 ἦν
413 2118 525 2154 που
570 2108 664 2170 τῆς
711 2102 1048 2171 δημηγορίας
1092 2101 1180 2154 καὶ
1229 2102 1290 2154 τὸ
1338 2110 1451 2155 τῶν
1507 2103 1821 2170 διαλλαγῶν

123 2192 298 2259 ὄνομα
337 2190 427 2243 καὶ
466 2190 566 2243 τὸν
596 2188 787 2244 Ἑλεον
824 2199 1143 2260 προσεῖπον.
1193 2189 1398 2258 ὀφείλω
1447 2192 1609 2259 δίκην
1656 2189 1820 2243 ἐπιει-

123 2288 237 2332 κῶν
269 2279 540 2349 ῥημάτων.
587 2277 954 2349 ἀποκήρυξον,
993 2281 1204 2348 ἔκβαλε,
1241 2281 1314 2348 μὴ
1345 2279 1654 2349 μεταβάλῃς
1691 2282 1820 2342 τοὺς

123 2370 375 2438 τρόπους.
1842 2385 1885 2419 π

244 2562 267 2602 1
302 2557 360 2601 of.
394 2556 495 2601 t.11
522 2562 665 2612 129,9

243 2739 268 2778 2
302 2729 330 2790 ἦ
357 2735 450 2780 LP
472 2737 479 2791 Ι
505 2735 636 2803 τύχοι
662 2736 757 2780 Ath
877 2741 905 2779 4
930 2737 1281 2794 διαφεύγουσαν
1307 2738 1352 2781 Β
1475 2741 1500 2779 6
1525 2734 1609 2791 μὲν
1634 2749 1709 2779 om
1725 2736 1819 2779 Ath

244 2798 268 2837 7
297 2801 379 2839 σοῦ
404 2794 569 2851 scripsl
593 2796 782 2838 auctore
805 2795 873 2838 Re
934 2803 1016 2839 τοῦ
1041 2795 1152 2840 libri
1177 2796 1268 2839 edd
1392 2799 1446 2838 10
1472 2792 1748 2851 ἀποπνιγείς
1769 2811 1818 2839 τε

125 2852 175 2920 ip
204 2866 340 2921 τρεῖς
363 2854 457 2898 Ath
601 2857 656 2897 15
688 2860 776 2898 νῦν
808 2868 883 2898 om
914 2854 1026 2899 Ferr
1167 2859 1223 2897 23
1251 2850 1416 2898 Ἔλεον
1449 2853 1615 2910 scripsi
1691 2853 1817 2917 ἔλεον

124 2911 234 2956 hbn
266 2912 358 2957 edd
390 2912 447 2957 cf.
479 2927 525 2969 p.
553 2917 653 2968 626,
674 2917 727 2956 12
849 2918 906 2957 24
938 2913 1169 2972 μεταβάλῃ
1204 2913 1314 2957 Fert
