2044 3168
119 90 230 143 148
700 86 993 134 GREGORH
1025 51 1227 134 οῩῬΒΠ

86 220 219 295 Ἰτῆς
258 225 499 294 ἀνάγκης
538 225 937 294 γινώσκουσιν,
985 224 1122 279 ἀλλά
1169 223 1259 279 καὶ
1306 235 1522 295 μικροῖς
1568 227 1659 279 καὶ
1704 230 1819 294 μεί-

115 319 282 381 ζοσιν,
313 315 535 384 ἠρεμεῖν
581 313 672 367 καὶ
722 314 1011 384 ἡσυχάζειν
1061 315 1253 377 διδοὺς
1293 315 1578 384 ἄγρυπνος
1624 316 1818 370 διόλου

116 404 195 467 «ὥς
233 423 316 466 τις
354 413 465 456 τῶν
509 401 611 468 ἔξω
660 405 908 470 σώματος
955 406 1355 473 παρεκαθήμην
1402 403 1565 466 αὐτὸς
1605 403 1820 473 ἕτοιμος

118 494 203 546 ὢν
238 492 603 563 ὑπηρετήσειν
634 494 712 555 εἰς
743 493 773 546 ὅ
805 512 857 545 τι
890 493 1163 562 βούλοιτο.
1205 491 1272 545 οὐ
1304 493 1408 562 γὰρ
1441 490 1597 565 ᾤμην
1629 491 1820 564 ἕτερον

76 604 100 636 5
124 579 239 635 ἀντ’
288 579 421 649 ἐμοῦ
468 588 543 654 τῷ
587 579 752 649 πατρὶ
800 582 1172 651 γνησιώτερον
1217 582 1568 650 θεραπευτὴν
1616 602 1820 652 χρημα-

121 673 285 723 τίσαι.
322 668 414 723 καὶ
453 670 654 733 νύκτας
692 667 794 739 μὲν
834 669 1025 738 οὕτως,
1064 671 1162 723 τὸν
1202 667 1250 722 δ’
1291 670 1462 723 ἄλλον
1499 672 1696 741 καιρὸν
1725 681 1821 742 τῆς

122 758 325 828 ἡμέρας
369 762 495 812 τίνα
540 757 661 812 ποτ’
706 757 944 826 ἐμαυτὸν
990 767 1275 829 παρεῖχον;
1346 757 1428 812 15.
1469 756 1585 813 ἀλλ’
1632 763 1684 814 εί
1718 759 1820 828 μὲν

123 848 196 918 μὴ
235 850 373 918 πρὸς
410 847 564 919 ὕδωρ
612 845 805 916 ἔλεγον
842 845 968 916 μηδ’
1015 844 1085 916 ἧν
1123 849 1264 920 τῷδε
1302 855 1377 920 τῷ
1423 848 1653 918 ῥεύματι
1691 853 1822 914 τοὺς

124 939 326 1006 λόγους
378 947 771 1007 παραμετρεῖν,
825 942 1007 1006 εἴρητο
1063 935 1132 989 ἄν
1185 938 1409 1005 ἱκανῶς,
1464 939 1594 991 νυνὶ
1649 937 1697 991 δ’
1753 939 1820 993 οὐ

58 1045 102 1079 ιο
125 1024 324 1098 ῥᾴδιον
377 1025 439 1079 ἐν
492 1026 635 1079 οὕτω
689 1029 883 1095 βραχεῖ
942 1028 1124 1097 χρόνῳ
1180 1026 1240 1079 τὸ
1295 1033 1407 1078 πᾶν
1461 1036 1820 1097 παραστῆσαι.

124 1115 271 1184 πλὴν
310 1117 477 1168 ἔθεον
515 1116 629 1167 ἄνω
662 1113 752 1167 καὶ
783 1115 928 1167 κάτω
962 1113 1286 1184 ἐπικουρίαν
1317 1114 1705 1185 ἁπανταχόθεν
1737 1121 1822 1187 ζη-

122 1213 251 1257 τῶν.
285 1202 664 1273 ἐπεκαλούμην
693 1202 902 1266 πάντας
941 1201 1279 1272 ἀνθρώπους
1317 1202 1572 1273 ὀρέξατε
1612 1214 1820 1275 χεῖρα,

124 1283 327 1361 λέγων,
383 1291 660 1363 ὀρέξατε.
725 1294 948 1364 ἰατροὺς
1003 1289 1050 1346 δ’
1105 1292 1502 1363 ἐφιλοκρίνουν
1556 1295 1646 1347 καὶ
1692 1297 1823 1358 τοὺς

126 1381 228 1448 μὲν
274 1382 522 1451 εἰσῆγον,
569 1384 701 1445 τοὺς
740 1380 787 1435 δ’
837 1381 1229 1451 ἀπεπεμπόμην
1276 1381 1823 1450 ἀποδοκιμασθέντας

62 1490 103 1525 15
128 1466 270 1545 εἶναι
308 1467 482 1540 μηδὲν
520 1469 777 1541 ἐπαρκεῖν
819 1471 1057 1533 ἱκανούς.
1102 1473 1441 1540 στεναγμοὺς
1482 1469 1530 1523 δ’
1578 1470 1823 1535 ἐκείνους

126 1557 219 1612 καὶ
274 1560 513 1628 οἰμωγὰς
567 1559 630 1622 ἃς
683 1557 910 1631 ᾤμωζον
973 1560 1178 1629 συχνάς
1239 1579 1297 1612 τε
1353 1559 1678 1628 ἀναβοήσεις
1731 1559 1822 1614 καὶ

128 1648 343 1717 δάκρυα
405 1647 486 1702 ὅσ’
547 1647 764 1717 ἔλειβον
826 1649 1061 1712 ἐλεεινὸς
1129 1658 1245 1711 τοῖς
1312 1659 1484 1701 πᾶσιν
1546 1648 1823 1719 ὁρώμενος

127 1738 286 1790 ἄλλοι
326 1739 616 1806 λεγόντων.
655 1738 850 1791 πολλοὶ
891 1734 940 1789 δ’
987 1735 1130 1791 εἰσὶν
1169 1738 1227 1791 οἱ
1265 1739 1387 1791 τότε
1424 1734 1527 1805 μὲν
1565 1736 1823 1807 τεθεαμέ-

127 1845 236 1894 νοι,
274 1825 406 1880 νυνὶ
446 1823 507 1879 δὲ
546 1825 637 1880 καὶ
676 1835 977 1896 μαρτυρεῖν
1015 1826 1248 1895 ἕτοιμοι,
1295 1826 1347 1880 εἴ
1381 1845 1464 1889 τις
1501 1823 1709 1896 ἔροιτο,
1751 1826 1823 1889 ὡς

62 1935 108 1968 zo
131 1915 275 1968 οὕτω
315 1915 622 1984 κάμνοντος
651 1923 751 1969 τοῦ
783 1916 989 1985 πατρὸς
1018 1919 1230 1983 μᾶλλον
1259 1924 1513 1986 πονηρῶς
1545 1915 1823 1984 διεκείμην

130 2003 309 2067 αὐτός.
365 2005 394 2058 ὃ
443 2003 489 2058 δ’
538 2001 643 2058 οὖν
687 2002 861 2072 ἔγωγε
913 2006 1053 2075 πρὸς
1097 2005 1383 2072 θαύματος
1435 2002 1538 2073 ἔχω
1585 2007 1682 2056 καί
1730 2023 1823 2073 μοι

131 2092 461 2165 λογιζομένῳ
517 2092 772 2162 ἔκπληξις
825 2093 1085 2163 ἀτεχνῶς,
1145 2093 1291 2156 ὅπως
1345 2092 1447 2145 οὐκ
1505 2091 1824 2161 ἐτεθνήκειν

132 2180 237 2249 ἐγὼ
278 2189 604 2252 παραχρῆμα
643 2189 739 2249 τῆς
779 2182 999 2250 φύσεως
1049 2181 1502 2250 ἀπαγορευσάσης
1546 2182 1684 2250 πρὸς
1723 2182 1825 2249 τὴν

131 2269 461 2338 ὑπερβολήν.
517 2268 608 2323 καὶ
647 2271 752 2338 γὰρ
794 2270 895 2339 οὐχ
941 2271 1124 2324 ὕπνου
1172 2273 1368 2339 μόνον,
1415 2271 1487 2333 ὡς
1525 2267 1712 2338 ἔφθην
1751 2272 1822 2322 εί-

65 2378 109 2411 25
133 2359 278 2429 πών,
333 2358 470 2411 ἀλλά
523 2357 613 2411 καὶ
669 2362 861 2412 σιτίων
915 2358 1138 2412 πάντων
1193 2361 1283 2413 καὶ
1328 2359 1589 2428 πομάτων
1636 2358 1823 2411 ἀπεκε-

132 2448 417 2515 κλείσμην·
457 2446 548 2500 καὶ
586 2447 657 2515 ἣν
696 2449 766 2500 ἄν
805 2467 887 2510 τις
926 2447 1070 2501 εἴποι
1101 2451 1406 2519 θεραπείαν
1437 2455 1536 2500 τοῦ
1577 2448 1825 2514 σώματος

135 2534 588 2604 ἀπεσκευασάμην
627 2537 699 2598 ὡς
748 2537 1080 2606 πορρωτάτω
1134 2537 1273 2606 πρὸς
1318 2533 1418 2605 μὲν
1467 2531 1638 2588 τάλλα
1677 2536 1823 2603 ἄμει-

135 2643 239 2676 νον
278 2623 445 2677 οὐδὲν
483 2631 685 2694 νεκροῦ
726 2625 1092 2692 διακείμενος,
1138 2627 1275 2694 πρὸς
1321 2622 1382 2677 δὲ
1428 2626 1489 2678 τὸ
1541 2624 1723 2686 πάθος
1761 2624 1821 2676 τὸ

135 2719 235 2764 τοῦ
274 2714 478 2782 πατρὸς
514 2713 605 2765 καὶ
645 2714 863 2781 σφόδρα
905 2713 1234 2781 εὐαίσθητος
1274 2715 1366 2765 ὤν.
1433 2714 1515 2766 16.
1553 2719 1724 2764 ταῦτα
1763 2711 1827 2764 δέ

256 2847 282 2886 2
316 2841 473 2888 διόλον
489 2857 554 2899 pr
674 2846 699 2886 8
733 2839 908 2899 ᾇώματι
931 2858 994 2899 pr
1116 2848 1169 2886 16
1202 2859 1252 2900 γε
1283 2843 1427 2886 Kurtz
1455 2845 1462 2899 Ι
1490 2841 1756 2900 ἀναβοήσας
1780 2843 1823 2886 L

130 2915 194 2958 pr
315 2906 367 2944 17
403 2901 567 2959 ἔλαβον
591 2916 653 2958 pr
774 2906 830 2945 20
861 2900 1076 2957 πονήρως
1100 2903 1198 2946 LV
1312 2907 1366 2945 27
1399 2901 1538 2946 τᾶλλα
1572 2902 1616 2945 V
