2014 3158
634 99 933 144 STRATEGI
963 98 1268 144 APOLOGIA
1685 99 1793 152 477

91 235 260 307 riano)
288 255 414 290 saec.
438 240 556 290 XVI
588 240 672 288 fol.
701 243 746 288 1.
794 240 964 288 Titulo
995 239 1241 301 initioque
1273 241 1443 301 privus
1475 241 1654 301 incipit
1684 256 1794 288 ver-

97 314 174 364 bis
206 332 252 377 p.
281 316 404 379 508,
426 316 491 363 16
526 311 667 374 ἅξιον
698 317 941 362 πλουτεῖν.
989 313 1116 361 Vide
1146 317 1181 361 t.
1207 313 1252 359 V
1290 330 1338 375 p.
1370 317 1398 362 7
1417 329 1489 376 sq.

215 390 296 437 15.
330 389 760 437 Ambrosianus
791 387 832 435 L
860 389 928 435 64
962 379 1093 453 (485
1126 387 1179 434 in
1219 387 1449 451 catalogo
1480 388 1707 436 Martinii
1746 390 1796 437 et

94 457 285 528 Bassii)
318 478 443 511 saec.
468 463 587 511 XIV
618 463 702 512 fol.
730 463 876 511 301V.
923 461 1050 509 Vide
1082 465 1117 511 t.
1141 460 1167 509 I
1198 479 1244 524 p.
1270 462 1375 509 426
1395 477 1467 524 sq.

215 538 297 585 16.
328 537 704 599 Mosquensis
734 536 1062 584 bibliothecae
1095 536 1348 597 synodalis
1373 537 1478 584 489
1514 540 1662 586 antea
1688 538 1791 585 317

94 605 232 679 (304
264 611 316 659 in
355 612 583 675 catalogo
621 603 955 677 Mattheiano)
996 625 1121 659 saec.
1145 610 1238 659 XV
1277 609 1362 658 fol.
1390 612 1474 659 27.
1530 610 1656 660 Vide
1687 613 1722 660 t.
1748 610 1794 658 V

94 703 144 749 p.
174 686 279 734 180
297 700 368 747 sq.

14 761 18 765 ’
215 762 297 808 17.
328 759 664 807 Vaticanus
697 775 767 822 gr.
796 759 899 806 956
939 773 1062 806 saec.
1095 758 1214 806 XIV
1245 759 1329 808 fol.
1365 760 1411 807 8.
1452 758 1638 807 Prioris
1664 759 1794 808 codi-

0 868 16 876 ψ
94 850 211 882 cum
244 834 465 882 familiae
499 834 594 894 est,
630 833 716 880 sed
746 833 904 895 pretio
937 834 1089 880 caret.
1140 832 1268 881 Vide
1301 835 1337 893 t.
1362 832 1409 879 V
1438 850 1486 895 p.
1515 835 1621 881 414
1640 848 1710 895 sq.
1744 836 1795 882 et

95 923 247 970 supra
278 925 324 970 p.
353 910 398 956 3.
463 911 466 914 ’

210 983 292 1031 18.
331 980 778 1030 Escurialensis
818 977 1055 1030 T-H-ll
1099 975 1231 1047 (147
1271 982 1325 1028 in
1364 982 1593 1046 catalogo
1633 981 1792 1029 Mille-

95 1050 261 1121 riano)
287 1070 411 1104 saec.
436 1055 556 1103 XVI
579 1055 664 1104 fol.
693 1057 796 1104 168
823 1055 1043 1104 continet
1066 1058 1264 1104 tantum
1287 1056 1495 1103 titulum
1519 1058 1569 1103 et
1590 1056 1793 1104 initium

96 1129 470 1178 declamationis
508 1144 666 1192 usque
706 1130 769 1178 ad
799 1147 845 1192 p.
873 1131 996 1191 481,
1015 1130 1045 1178 5
1085 1127 1313 1192 ἐφαίνετό
1353 1148 1450 1193 μοι.
1512 1130 1640 1179 Vide
1678 1132 1712 1178 t.
1746 1129 1793 1176 V

208 1278 282 1326 Ex
312 1277 389 1326 his
423 1293 545 1339 quos
577 1278 630 1325 in
662 1293 861 1327 censum
893 1278 1141 1327 vocandos
1174 1294 1277 1328 esse
1311 1279 1429 1326 duxi
1461 1278 1649 1327 codices
1683 1294 1793 1341 sep-

93 1355 198 1401 tem
220 1351 602 1402 LMLaViOlB
616 1353 689 1400 Va
710 1368 881 1401 rursus
905 1352 957 1400 in
984 1353 1106 1401 duas
1132 1352 1390 1402 discedunt
1411 1353 1646 1414 familias,
1671 1369 1790 1415 qua-

94 1443 204 1474 rum
244 1426 382 1488 prior
419 1426 584 1474 codice
620 1427 690 1489 L,
731 1427 889 1475 altera
929 1426 1178 1475 codicibus
1217 1428 1364 1475 MLa
1375 1427 1547 1476 ViC'lB
1559 1427 1635 1476 Va
1674 1442 1791 1476 con-

93 1502 307 1560 tinetur,
346 1500 420 1548 ita
458 1503 627 1549 tamen
666 1503 723 1548 ut
762 1503 812 1549 et
847 1499 905 1550 Ol
945 1503 995 1550 et
1025 1502 1076 1550 B
1106 1501 1187 1550 hic
1227 1518 1422 1563 quoque
1461 1503 1564 1550 vim
1608 1501 1790 1550 codicis

95 1565 317 1622 familiae
341 1575 521 1636 prioris
546 1574 735 1637 experti
759 1577 871 1623 sint.
884 1570 925 1641 1)
959 1575 1350 1624 Necessitudinis
1375 1575 1630 1624 vinculum
1656 1576 1792 1638 quod

93 1649 226 1696 inter
256 1649 479 1712 singulos
512 1649 702 1696 codices
735 1650 998 1699 intercedit
1028 1650 1121 1699 hoc
1151 1650 1246 1697 tibi
1275 1650 1448 1698 reddet
1484 1652 1714 1698 stemma:

216 2677 256 2731 1)
289 2675 530 2722 Lectiones
562 2677 731 2733 quibus
767 2678 818 2723 Ol
850 2692 953 2722 cum
986 2680 1029 2724 L
1062 2680 1267 2724 concinit
1299 2679 1454 2736 plures
1494 2681 1603 2722 sunt
1641 2692 1782 2735 quam

92 2734 147 2776 ut
169 2733 257 2788 hoc
280 2734 382 2779 loco
407 2736 606 2779 exscribi
625 2736 819 2792 possint.
853 2737 976 2781 Satis
1000 2740 1071 2782 est
1096 2752 1174 2782 eae
1198 2739 1442 2782 indicasse.
1477 2738 1594 2781 Sunt
1616 2753 1661 2794 p.
1679 2742 1781 2793 484,

94 2795 141 2844 ὅς
167 2797 363 2848 496,14;
389 2798 552 2851 503‚5;
582 2800 683 2849 506,
704 2799 778 2850 103
804 2800 965 2852 508‚8;
991 2802 1180 2852 512,19;
1205 2802 1393 2850 51e‚18;
1422 2801 1571 2852 521‚2.
1615 2796 1704 2842 Sed
1723 2797 1780 2841 de

93 2851 140 2895 B
170 2865 371 2907 provoco
403 2853 463 2896 ad
494 2853 618 2898 locos
650 2857 752 2898 tum
790 2855 841 2898 in
872 2855 1064 2913 reliquis
1090 2856 1328 2901 codicibus
1354 2855 1546 2899 alterius
1570 2855 1782 2901 familiae

92 2910 286 2954 omissos
321 2913 383 2968 (p.
418 2916 527 2968 515,
550 2918 578 2956 4
617 2915 825 2969 σπονδῆς
856 2941 911 2947 -
943 2914 1243 2972 ἀντιπάλους)
1285 2918 1385 2958 tum
1428 2914 1597 2970 quibus
1640 2915 1780 2960 lectio
