2020 3146
400 121 590 167 AVARI
620 121 904 168 SCORTUM
933 121 1206 166 AMANTIS
1239 121 1523 176 QUERELA
1732 121 1805 175 55

108 278 221 327 μοι,
262 258 328 312 οὐ
368 261 632 312 πείθουσι
663 260 860 313 δοῦναι
899 266 962 328 τῇ
994 255 1190 328 γαστρὶ
1228 259 1639 326 καταθύσαντα,
1678 256 1808 311 ἀλλ’

109 346 400 410 ἐπαινέσας
450 346 563 416 [ἄν]
611 348 702 400 καὶ
749 346 936 416 λαβὼν
985 346 1210 416 τρέφειν
1263 346 1467 400 κελεύω
1531 346 1634 400 κάν
1689 355 1806 409 τοῖς

111 443 211 488 τοῦ
252 437 523 489 δεσπότου
577 442 967 506 καταριθμεῖν,
1023 433 1120 489 εἶτ’
1180 434 1540 504 αὐξηθέντων
1593 435 1802 489 ἀπαιτῶ

110 525 178 577 τὰ
217 527 417 593 ἔκγονα
454 524 544 578 καὶ
583 535 722 579 ποιῶ
762 532 934 577 ταῦτα
973 524 1258 592 ἀργύριον.
1306 523 1391 576 24.
1433 531 1573 577 σῦκα
1612 522 1675 577 δὲ
1712 523 1804 577 καὶ

110 615 339 683 βότρυες
377 615 468 667 καὶ
506 619 651 683 μῆλα
688 612 778 667 καὶ
820 615 976 667 ἄπιοι
1014 613 1149 682 ἐμοῦ
1181 611 1283 680 μὲν
1312 616 1444 676 τοὺς
1474 614 1804 683 ὀφθαλμοὺς
1851 636 1871 669 5

101 703 200 755 καὶ
239 703 341 770 τὴν
389 703 515 772 ῥῖνα
564 703 991 772 εὐφραίνουσιν,
1043 702 1223 755 ἐσθίει
1271 703 1332 755 δὲ
1371 702 1399 755 ὁ
1441 703 1634 765 διδοὺς
1680 702 1805 771 ὀβο-

110 792 256 854 λούς.
298 791 400 845 ὅσα
439 790 489 844 δ’
535 792 609 854 ὡς
647 791 890 861 ἄχρηστά
928 812 1022 858 μοι
1057 790 1374 860 παραμένει,
1414 800 1530 854 τοῖς
1569 790 1805 854 οἰκέταις

109 881 311 950 δίδωμι
363 879 455 934 καὶ
510 889 606 950 τῆς
651 888 862 950 τροφῆς
915 881 1153 949 ὑφαιρῶ.
1209 879 1315 949 ἐγὼ
1369 881 1463 933 καὶ*
1507 881 1573 933 τὰ
1620 881 1804 950 φύλλα

109 979 220 1022 τῶν
261 968 512 1039 δένδρων
552 969 653 1023 οὐκ
693 968 762 1023 ἐῶ
802 971 932 1032 τοὺς
972 969 1209 1039 ἀνέμους
1248 967 1337 1023 ἐπὶ
1375 967 1548 1022 πέδον
1579 969 1805 1038 βάλλειν

107 1059 198 1111 καὶ
244 1052 524 1128 καταχεῖν,
580 1056 721 1127 ἀλλ’,
769 1058 876 1112 εἰσὶ
930 1061 1035 1128 γὰρ
1092 1062 1150 1112 οἳ
1191 1057 1282 1112 καὶ
1329 1059 1544 1112 τούτων
1584 1058 1804 1112 δέονται
1830 1081 1873 1114 ιο

109 1149 247 1214 πρὸς
300 1150 474 1201 νόσου
529 1151 915 1218 παραμυθίαν,
979 1148 1271 1217 ἀπεμπολῶ
1330 1149 1651 1215 κερματίου,
1713 1146 1805 1200 καὶ

111 1237 204 1289 διὰ
250 1238 456 1306 χρόνου
503 1236 594 1290 καὶ
642 1239 695 1290 οἱ
741 1237 915 1291 κιττοὶ
964 1237 1025 1290 ἐν
1071 1245 1190 1299 ταῖς
1234 1245 1346 1290 τῶν
1391 1242 1543 1290 θεῶν
1590 1236 1805 1303 ἑορταῖς

108 1329 389 1394 πληροῦσί
422 1347 515 1395 μοι
556 1327 856 1395 βαλάντιον
888 1318 1040 1380 ὅλον.

223 1414 306 1467 25.
356 1416 427 1467 To
469 1415 530 1468 δὲ
562 1414 821 1483 μέγιστον
852 1424 963 1468 τῶν
994 1415 1226 1485 κερδῶν,
1261 1414 1396 1467 ὅσον
1427 1423 1566 1468 ποιῶ
1598 1417 1806 1485 χρόνον

110 1502 172 1555 έν
212 1503 386 1575 ἀγρῷ,
434 1514 573 1556 ποιῶ
615 1502 675 1557 δὲ
716 1503 901 1571 ἀμέλει
941 1505 1173 1573 συχνόν,
1219 1502 1490 1573 τρέφομαι
1537 1512 1654 1566 τοῖς
1691 1513 1804 1556 τῶν
1828 1525 1871 1559 1⁶

136 1639 139 1642 ⁵
231 1669 256 1708 5
297 1664 354 1709 cf.
387 1680 432 1721 p.
462 1669 583 1717 13‚4
738 1670 762 1709 9
803 1665 855 1709 11.
888 1667 912 1718 ζ
946 1669 1028 1708 146
1048 1679 1114 1720 sq.
1270 1668 1324 1707 10
1363 1664 1472 1708 Luc.
1505 1664 1711 1708 Hermot.
1747 1668 1802 1708 79

232 1728 286 1768 14
318 1723 448 1769 Dcm.
481 1723 584 1767 fals.
617 1723 708 1782 leg.
737 1739 782 1781 p.
809 1728 908 1780 392,
929 1728 997 1768 18.
1037 1723 1254 1767 Nicarch.
1284 1723 1426 1767 Anth.
1452 1723 1550 1767 Pal.
1576 1723 1640 1767 XI
1665 1727 1803 1778 330,3

233 1877 255 1915 1
289 1873 627 1916 καταθύσαντα
659 1872 824 1928 Scripsi
857 1887 880 1915 e
912 1872 1046 1915 libris
1107 1872 1323 1916 θύσαντα
1355 1872 1421 1915 Re
1544 1876 1569 1914 2
1604 1869 1663 1915 ἂν
1694 1871 1805 1915 libri

111 1932 178 1975 Re
241 1931 497 1975 cancellavi
618 1936 643 1974 3
677 1934 985 1989 συναριθμεῖν
1009 1932 1079 1976 Va
1104 1933 1151 1975 et
1183 1944 1323 1988 supra
1354 1934 1667 1986 καταριθμεῖν
1691 1931 1761 1975 13²
1796 1931 1799 1989 l

112 1988 213 2036 εἶτα
244 1991 314 2035 Va
435 1996 462 2035 4
494 1991 545 2035 δὲ
577 1990 701 2034 inser
724 1991 770 2034 B
832 2005 908 2034 om
935 1991 1080 2036 Maol
1201 1995 1226 2033 5
1260 1989 1459 2065 βότρυες
1481 1990 1646 2047 scripsi
1678 2003 1702 2033 0
1736 1991 1806 2034 Va

111 2052 158 2096 B
190 2049 281 2094 coll
304 2065 348 2106 p.
369 2053 438 2106 13,
456 2057 505 2103 4,
535 2050 599 2094 III
624 2054 723 2104 486,
743 2054 768 2093 5
846 2048 1013 2108 βότρυς
1037 2051 1286 2095 HVMaOl
1308 2049 1377 2093 Re
1404 2052 1410 2106 Ι
1439 2048 1557 2094 ἄπια
1581 2050 1659 2093 καὶ
1685 2051 1805 2106 μῆλα

119 2110 190 2154 Va
229 2112 235 2166 Ι
277 2109 440 2153 ἄποιοι
464 2111 518 2154 Η
576 2108 709 2160 ἄπιες
734 2110 924 2154 MaC‘lB
957 2109 1039 2153 sed
1070 2109 1120 2152 in
1150 2109 1238 2153 hoc
1270 2126 1301 2153 α
1333 2123 1474 2166 supra
1505 2125 1552 2159 ες
1579 2110 1586 2165 Ι
1613 2107 1698 2165 μὲν
1730 2122 1806 2152 0111

121 2169 190 2213 Va
311 2173 335 2212 6
369 2166 535 2227 ὀβολόν
569 2169 638 2214 Va
771 2173 794 2212 7
827 2167 879 2213 δὲ
902 2170 948 2213 Β
999 2169 1005 2227 Ι
1055 2167 1260 2226 ἄχρηστά
1291 2184 1370 2224 μοι
1401 2168 1566 2224 scripsi
1598 2181 1702 2212 cum
1733 2167 1805 2211 Ia-

111 2227 270 2272 cobsio
294 2227 407 2272 Lect
431 2226 573 2272 Schul
597 2229 644 2271 et
669 2226 850 2271 Sinteni
910 2227 1116 2285 ἄχρηστα
1141 2227 1201 2285 μὴ
1224 2227 1338 2271 libri
1360 2227 1428 2271 Re
1456 2230 1462 2284 Ι
1489 2226 1734 2295 παραμένῃ
1760 2228 1805 2271 Β

111 2285 576 2390 Iagzoigicgsgchutlsaet
605 2291 829 2389 Βὶῃῗθῐῖἰῆς
846 2288 1038 2402 ἀξέιικιῖτὲ
1066 2286 1461 2403 ἐΙγώὺῗίἷΈῶΒξγῖο
1480 2286 1806 2403 τῗτδῗίᾘῖἐηῖ

109 2403 162 2451 δὲ
200 2407 308 2461 post
347 2406 497 2461 φύλλα
530 2406 599 2449 Va
744 2409 768 2448 9
807 2412 892 2448 τοῦ
924 2403 1122 2460 δένδρου
1157 2405 1225 2449 Va
1275 2408 1281 2462 Ι
1331 2405 1408 2450 ἐπὶ
1437 2403 1581 2450 πέδον
1621 2404 1804 2463 βάλλειν

108 2464 278 2520 scripsi
311 2464 402 2508 coll
432 2464 472 2507 ΙΙ
502 2467 528 2517 ζ
559 2469 640 2507 147
676 2463 826 2519 φύλλα
856 2463 914 2507 τὰ
945 2463 1028 2520 μέν
1059 2462 1103 2507 τ’
1139 2464 1309 2520 ἄνεμος
1339 2463 1541 2522 χαμάδις
1571 2463 1663 2521 χέει
1699 2478 1805 2508 011111

111 2522 322 2567 Iacobsio
347 2523 453 2567 Add
475 2527 560 2566 264
586 2523 667 2580 qui
690 2525 855 2579 postea
880 2523 1010 2579 (Lect
1034 2522 1190 2579 Schul)
1215 2523 1500 2579 improbavit
1523 2525 1571 2567 et
1593 2522 1804 2567 κλέπτειν

112 2582 313 2626 coniecit
374 2583 450 2628 ἐπὶ
473 2582 614 2627 πλέον
639 2581 872 2637 (ἐπιπλέον
891 2582 958 2639 01>
982 2581 1167 2640 βλέπειν
1190 2583 1332 2639 (inser
1348 2582 1438 2626 Ma
1492 2597 1567 2626 om
1587 2583 1670 2639 Va)
1695 2581 1804 2624 libri

114 2641 182 2684 Re
306 2646 359 2685 10
391 2637 472 2686 καὶ
503 2655 578 2685 om
611 2642 680 2685 Va
722 2642 728 2699 Ι
777 2649 996 2698 καταχεῖν
1027 2640 1192 2698 scripsi
1223 2641 1314 2685 coll
1344 2641 1453 2686 Luc.
1477 2641 1508 2685 l.
1533 2641 1562 2685 l.
1597 2655 1702 2684 cum
1733 2641 1803 2683 Ia-

114 2699 272 2744 cobsio
305 2700 411 2743 Add
443 2699 717 2758 (καταχέειν)
750 2700 862 2745 Lect
894 2699 1036 2744 Schul
1095 2700 1306 2757 κατέχειν
1336 2699 1447 2744 libri
1473 2701 1542 2744 Re
1591 2704 1597 2758 Ι
1648 2700 1690 2744 εἰ
1715 2701 1803 2744 Ma

115 2759 199 2803 sed
229 2759 279 2803 in
311 2759 356 2804 οἳ
388 2773 488 2803 corr
518 2759 600 2814 m²‚
629 2760 681 2804 Ol
813 2763 865 2803 11
898 2756 1162 2813 θεραπείαν
1188 2760 1278 2804 Μα
1305 2762 1311 2815 Ι
1338 2757 1587 2816 κερματίου
1617 2758 1803 2816 reposui

114 2832 139 2861 θ
162 2817 294 2862 libris
356 2818 606 2875 κερμάτιον
629 2818 697 2862 Re
758 2819 839 2862 καὶ
869 2817 1118 2874 κερμάτιον
1148 2819 1227 2863 καὶ
1259 2825 1394 2862 τοῦτο
1427 2818 1510 2862 διὰ
1570 2815 1712 2872 ρόνου
1749 2822 1805 2868 (et

0 2903 1 2906 =
114 2877 222 2921 inde
253 2891 424 2934 quoque
455 2877 635 2938 aliquid
659 2878 810 2922 lucelli
836 2878 948 2921 mihi
970 2878 1196 2933 comparo)
1220 2877 1382 2921 Iacobs
1407 2877 1520 2921 Lect
1576 2876 1684 2921 chul

0 2951 6 3027 ι
119 2940 172 2979 12
207 2935 251 2980 οἱ
283 2949 358 2979 0111
391 2938 460 2980 Va
486 2940 493 2993 Ι
519 2944 612 2980 τῶν
642 2935 818 2979 inserui
850 2949 877 2979 e
907 2936 1024 2980 VaB
1086 2950 1161 2979 om
1193 2937 1442 2981 HVMaol
1470 2936 1538 2979 Re
1704 2946 1707 2949 “
