2014 3158
226 139 333 192 376
683 139 914 184 LIBANII
943 139 1334 186 DECLAMATIO
1366 141 1468 186 XLI

224 282 363 346 χρῆν
404 276 569 345 ἰδεῖν,
617 273 704 329 ἐπὶ
743 276 841 329 τὸν
881 276 982 330 οὐκ
1028 275 1240 346 ὀλίγαις
1277 279 1469 331 πόλεσι
1521 281 1784 332 λελυκότα
1824 280 1913 333 καὶ

224 366 423 428 ταύτας
461 366 552 419 καὶ
590 367 796 429 πολλὰς
836 364 1020 435 ἑτέρας
1060 366 1368 435 συμφοράς,
1407 368 1505 420 τὸν
1539 369 1678 422 θεὸν
1715 369 1815 422 τὸν
1854 367 1914 421 ἐν

225 459 487 523 Δελφοῖς.
541 455 632 508 καὶ
686 453 990 508 ἐδεδοίκειν
1043 454 1168 524 μέν,
1224 454 1550 525 ἐδεδοίκειν,
1597 453 1638 510 ὦ
1678 461 1913 525 πολῖται,

224 544 295 613 μὴ
335 549 411 616 τῷ
450 551 652 597 τοῦτον
692 543 793 597 οὐκ
833 542 1210 613 ἐξεληλακέναι
1249 552 1344 613 τῆς
1387 547 1596 608 πόλεως
1635 544 1913 615 ἄτυχήσω-

179 651 198 685 5
223 652 325 702 μεν
362 639 462 686 τοῦ
501 635 787 702 μαντείου,
834 634 1095 703 κρείττων
1143 630 1204 686 δὲ
1251 630 1312 687 εὖ
1359 643 1536 688 ποιῶν
1575 634 1603 688 ὁ
1643 635 1774 697 θεὸς
1819 643 1914 704 τῆς

224 720 354 790 ἐμῆς
392 720 614 784 ἐλπίδος
660 722 868 790 γίνεται
915 720 1006 776 καὶ
1054 722 1269 792 ἀναιρεῖ
1316 724 1383 792 δὴ
1431 732 1580 794 σαφῆ
1627 722 1718 777 καὶ
1770 723 1914 778 ἁπλᾶ

223 809 314 863 καὶ
354 811 455 880 οὐχ
503 802 592 864 οἷα
637 812 703 864 τὰ
748 812 925 865 πολλὰ
965 812 1218 880 Δελφικὰ
1264 821 1379 875 τοῖς
1423 809 1525 880 μὲν
1563 813 1914 882 τοῦτο,’τοῖς

224 895 272 951 δ’
320 898 495 954 ἐκεῖνο
534 898 842 971 παρέχοντα
881 903 1139 970 νομίζειν,
1179 899 1298 955 ἀλλ’
1344 897 1461 955 εἷπε
1501 902 1825 972 διαρρήδην,
1865 904 1916 956 εἰ

222 996 348 1051 παῖς
395 987 518 1051 ἑνός
563 1009 662 1042 του
709 998 821 1042 τῶν
865 993 1107 1043 πολιτῶν
1152 989 1260 1043 ὑπὸ
1309 997 1407 1043 τοῦ
1463 992 1642 1061 δήμου
1696 994 1913 1061 τυθείη,

159 1098 200 1131 ιο
225 1078 527 1146 στήσεσθαι
568 1078 629 1131 τὸ
663 1079 848 1132 κακόν.
891 1079 973 1132 11,
1006 1087 1176 1132 ταῦτα
1209 1078 1539 1143 ἀκούσαντες
1573 1079 1914 1150 ἀνέστρεφον

225 1168 278 1221 οἱ
322 1165 530 1237 θεωροὶ
576 1166 803 1231 θέοντες
848 1168 1021 1222 νύκτα
1067 1168 1157 1221 καὶ
1203 1168 1411 1239 ἡμέραν
1457 1168 1657 1239 ὁμοίως
1704 1168 1914 1238 ἐπειγό-

222 1276 379 1324 μενοι
433 1257 523 1310 καὶ
578 1256 732 1325 ἡμεῖς
787 1256 1107 1327 ἐκαθήμεθα
1161 1256 1476 1327 τρέμοντες,
1531 1260 1587 1311 τί
1635 1256 1753 1312 ποτ’
1806 1259 1914 1330 ἄρα

223 1344 415 1414 ἥξουσι
456 1344 732 1415 φέροντες.
773 1347 846 1409 ὡς
885 1343 945 1399 δὲ
983 1344 1280 1416 ᾐσθόμεθα
1316 1349 1672 1416 προσιόντας,
1717 1347 1915 1401 πολλοὶ

223 1434 330 1504 πρὸ
371 1443 483 1488 τῶν
521 1445 716 1504 τειχῶν
753 1434 1146 1505 περιχυθέντες
1184 1437 1504 1506 ἠρωτῶμεν,
1556 1441 1611 1490 εἴ
1643 1457 1695 1490 τι
1734 1443 1913 1491 τοιοῦ-

157 1544 199 1576 15
223 1543 321 1577 τον
357 1520 540 1593 ἦλθον
578 1523 936 1592 ἀκούσαντες,
976 1524 1004 1578 ὃ
1046 1526 1280 1579 δίδωσιν
1325 1524 1666 1579 ἀναπνεῦσαι
1713 1533 1776 1596 τῇ
1816 1527 1913 1579 πό-

223 1617 322 1681 λει,
356 1614 561 1682 χρηστὰ
593 1611 653 1666 δὲ
685 1613 871 1666 αὐτῶν
901 1612 1362 1684 ὑπισχνουμένων
1393 1614 1494 1667 οὐκ
1532 1612 1755 1686 ᾠόμεθα
1794 1615 1913 1668 δεῖν

221 1700 458 1770 μέλλειν,
491 1700 606 1755 ἀλλ’
647 1700 735 1755 ἐπὶ
770 1703 872 1771 τὴν
912 1701 1203 1771 ἐκκλησίαν
1243 1704 1446 1773 δρόμος
1485 1703 1573 1756 καὶ
1606 1702 1634 1756 ὁ
1668 1723 1912 1774 γραμμα-

222 1794 347 1854 τεὺς
394 1791 568 1855 εὐθὺς
607 1791 940 1860 ἀνεγίνωσκε
986 1793 1083 1846 τὸν
1115 1794 1376 1864 χρησμόν.
1420 1793 1502 1845 12,
1535 1790 1780 1845 ἐνταῦθα
1811 1794 1913 1861 ψή-

223 1894 399 1950 φισμα
444 1877 544 1950 μὲν
591 1881 693 1934 οὐκ
740 1879 919 1935 ἐδόκει
966 1883 1086 1935 δεῖν
1132 1882 1371 1952 γράφειν
1410 1881 1494 1934 ὅτι
1541 1881 1653 1935 τὸν
1690 1881 1912 1949 <δεῖνα

156 1990 199 2022 20
223 1969 370 2037 τὸν>
385 1976 498 2022 τοῦ
525 1971 768 2037 δεῖνος,
797 1971 863 2023 οὐ
890 1971 993 2040 γὰρ
1018 1966 1106 2040 ἧν,
1132 1964 1299 2041 οἶμαι,
1325 1971 1662 2042 δημοκρατίᾳ
1683 1969 1913 2040 πρέπον,

221 2061 428 2126 κλῆρον
467 2057 528 2111 δὲ
567 2058 595 2112 ὁ
635 2060 825 2129 καιρὸς
863 2057 1042 2113 ἐκάλει
1082 2058 1172 2113 καὶ
1208 2060 1268 2113 τὸ
1301 2064 1427 2113 ἴσον
1465 2059 1640 2122 οὕτως
1673 2059 1912 2125 ἐσώζετο.

344 2194 366 2233 1
393 2189 451 2233 cf.
477 2190 508 2233 t.
530 2189 725 2244 V118‚6
848 2195 873 2233 2
907 2190 964 2235 cf.
994 2206 1038 2247 p.
1059 2195 1226 2247 378‚10
1348 2181 1404 2235 20
1437 2190 1493 2235 cf.
1518 2205 1564 2247 p.
1584 2194 1683 2244 809,
1702 2194 1779 2243 203
1811 2191 1845 2234 t.
1871 2188 1912 2232 V

224 2252 293 2303 38,
307 2253 352 2302 13
384 2248 441 2292 VI
457 2253 608 2303 515‚3.
634 2250 775 2294 Arist.
794 2250 1074 2294 Thesm.622
1093 2265 1128 2294 c.
1148 2249 1434 2295 sehoLChor.
1451 2250 1532 2294 inf.
1551 2264 1594 2306 p.
1607 2254 1707 2304 216,
1721 2253 1744 2292 7
1763 2248 1910 2293 Boias.

343 2373 368 2411 3
393 2371 579 2412 πολῖται
603 2368 767 2425 scripsi
793 2382 817 2412 e
834 2369 1087 2414 PParMos
1097 2366 1313 2426 (πολίται)
1335 2370 1380 2412 Β
1435 2367 1603 2424 ἄνδρες
1620 2369 1682 2413 Μ
1739 2366 1911 2423 παρόν-

221 2443 295 2478 τες
325 2428 415 2471 edd
449 2427 506 2472 cf
540 2427 662 2484 adp
668 2432 803 2481 ,371,
823 2432 848 2471 6
970 2432 997 2470 4
1028 2431 1090 2485 τῷ
1122 2442 1196 2472 om
1221 2430 1321 2473 Par
1354 2430 1359 2482 Ι
1394 2427 1539 2471 τούτω
1564 2429 1664 2472 Par
1691 2431 1696 2481 Ι
1724 2427 1810 2471 οὐκ
1841 2427 1910 2470 in-

223 2486 345 2531 serui
377 2500 402 2531 e
429 2487 535 2532 Mos
567 2501 672 2531 cum
705 2463 878 2531 Cob’eto
911 2485 1011 2531 Goll
1044 2474 1129 2531 300
1191 2501 1265 2531 om
1297 2486 1467 2543 reliqui
1498 2486 1608 2530 libri
1641 2486 1731 2530 edd
1773 2487 1779 2542 Ι
1819 2485 1911 2538 ἐξε-

223 2574 476 2631 ληλυθέναι
499 2576 545 2619 Β
667 2578 692 2618 5
726 2567 934 2630 κρειττον
952 2576 997 2620 Β
1025 2577 1031 2632 Ι
1059 2574 1110 2620 δε
1135 2590 1210 2620 om
1233 2577 1331 2620 Par
1451 2579 1475 2618 6
1509 2573 1713 2631 γίγνεται
1739 2575 1800 2619 Μ
1819 2573 1910 2617 edd

227 2636 231 2690 Ι
268 2642 428 2690 σαφῶς
452 2636 551 2680 Par
583 2634 663 2679 sed
697 2640 757 2685 ῶς
788 2633 836 2677 in
867 2633 942 2678 lac
975 2639 999 2677 2
1033 2634 1112 2678 litt
1135 2634 1206 2678 m²
1349 2638 1375 2676 8
1415 2633 1466 2678 δὲ
1493 2634 1646 2678 MosB
1678 2633 1769 2678 edd

224 2725 248 2764 9
283 2721 387 2772 ἑνὸς
407 2729 489 2767 τοῦ
514 2724 614 2767 Par
641 2723 646 2778 Ι
672 2719 833 2778 τεθείη
858 2723 1001 2767 ΡΡαν
1124 2726 1178 2766 10
1211 2695 1510 2778 amfos‘v‘ssfflB
1633 2726 1683 2765 11
1717 2719 1911 2772 θέοντες

222 2794 296 2823 om
328 2782 472 2826 PPar
510 2783 558 2825 et
596 2799 650 2839 γρ
691 2781 741 2825 in
779 2795 913 2837 marg
950 2781 1053 2824 Mor
1196 2787 1249 2825 12
1288 2796 1398 2825 ποτε
1424 2781 1470 2824 Β
1614 2785 1668 2824 13
1709 2780 1758 2824 δὲ
1799 2781 1908 2824 ante

220 2835 472 2897 ᾐσθόμεθα
494 2841 631 2898 posui
654 2853 679 2884 e
698 2841 926 2893 MosMB,
951 2842 1059 2913 post
1082 2842 1224 2885 PPar
1247 2840 1339 2884 edd
1460 2844 1514 2883 14
1547 2839 1785 2895 ἐρωτῶμεν
1810 2840 1909 2883 Par

342 2903 394 2942 17
426 2898 578 2955 μέλειν
603 2900 648 2943 Ρ
767 2902 821 2942 18
853 2896 1161 2955 ἀνεγίγνωσκε
1187 2901 1295 2943 Mos
1328 2900 1334 2955 1
1374 2897 1596 2943 ἐντεῦθεν
1620 2899 1666 2942 Ρ
1693 2898 1741 2942 et
1771 2914 1825 2954 γρ
1857 2897 1907 2940 in

220 2971 352 3014 marg
382 2958 483 3002 Mor
606 2962 662 3004 20
694 2959 827 3005 δεῖνα
857 2916 964 3003 τὸνγ
970 2957 1144 3003 inserui
1176 2957 1266 3002 coll
1297 2957 1343 3003 Π.
1369 2957 1417 3001 ll.
1480 2971 1556 3001 om
1586 2956 1696 3000 libri
1727 2956 1819 3000 edd
