2014 3158
0 568 13 712 ..xv-'5¹⁴⁶
0 534 10 544 -‘
0 484 10 510 «⁰-

703 129 858 174 MAGI
887 127 1162 173 REPULSA
1661 128 1769 182 369

81 270 206 320 Vide
238 274 272 321 t.
302 271 344 319 V
374 289 421 335 p.
450 272 555 320 180
572 286 642 333 sq.
668 269 894 319 Gratiose
926 285 1090 318 meum
1120 270 1172 317 in
1196 285 1341 318 usum
1372 286 1530 332 nuper
1560 271 1772 320 contulit

80 346 141 394 N.
175 345 361 408 Popoff.

197 421 279 468 13.
311 420 624 470 Parisinus
656 436 726 484 gr.
754 419 895 468 3018
930 434 1054 467 saec.
1079 418 1172 465 XV
1203 419 1286 466 fol.
1318 420 1460 467 147V.
1508 418 1635 467 Vide
1665 421 1701 467 t.
1727 419 1771 465 V

81 511 128 557 p.
158 495 260 542 173
295 509 366 556 sq.
409 494 580 558 Nuper
609 509 720 543 mea
752 508 902 543 causa
931 493 1148 556 inspexit
1178 493 1422 541 Henricus
1454 487 1695 557 Lebegue.

197 570 277 618 14.
310 568 624 617 Parisinus
655 585 727 632 gr.
755 569 897 617 3014
930 583 1054 615 saec.
1080 566 1197 614 XIV
1221 568 1304 615 fol.
1334 567 1478 616 159'.
1509 566 1638 616 Vide
1661 570 1694 615 t.
1719 567 1772 615 II

81 659 127 705 p.
155 643 259 690 375
279 658 349 704 sq.
403 642 672 691 Adhibitus
709 644 784 691 est
816 659 844 689 a
875 641 1098 691 Morello.
1154 641 1326 704 Nuper
1363 657 1474 690 mea
1512 657 1661 690 causa
1698 641 1770 689 in-

81 718 243 779 spexit
275 717 519 766 Henricus
549 712 793 780 Lebegue.

196 792 279 840 15.
313 791 758 840 Escurialensis
797 787 1034 840 T-II-15
1077 783 1207 857 (151
1250 791 1303 838 in
1351 790 1580 854 catalogo
1611 791 1769 838 Mille-

79 859 245 931 riano)
286 880 410 914 saec.
434 865 553 914 XVI
590 866 674 914 fol.
703 866 798 913 54¹⁷
838 881 864 914 e
902 864 1175 913 Barberino
1214 866 1324 927 ipso
1362 865 1440 913 vel
1481 864 1595 922 *eius
1634 865 1770 913 fonte

16 974 21 982 -.
81 939 371 1002 descriptus.
425 939 551 987 Vide
583 942 618 988 t.
644 939 690 986 V
721 957 768 1002 p.
797 942 825 987 7
846 955 918 1002 sq.

193 1014 268 1061 Ex
298 1014 375 1062 his
407 1029 528 1077 quos
561 1014 614 1061 in
645 1029 846 1063 censum
877 1014 1125 1062 vocandos
1165 1028 1268 1062 esse
1308 1012 1427 1060 duxi
1466 1013 1655 1062 codices
1689 1029 1771 1062 sex

83 1087 527 1137 GrPParMosMB
557 1104 726 1137 rursus
765 1090 818 1136 in
858 1087 980 1136 duas
1019 1087 1278 1136 discedunt
1311 1087 1528 1136 familias
1562 1103 1772 1149 quarum

81 1162 216 1223 prior
246 1161 497 1211 codicibus
533 1161 938 1224 OrPParMosM‚
971 1163 1128 1211 altera
1158 1164 1356 1210 tantum
1388 1161 1553 1210 codice
1577 1162 1627 1209 B
1659 1177 1771 1211 con-

0 1225 14 1307 ’ἶ
79 1235 279 1287 tinetur.
326 1236 590 1285 Rationem
614 1253 743 1300 quae
773 1237 905 1286 inter
926 1237 1017 1286 hos
1042 1237 1264 1302 singulos
1290 1235 1478 1284 codices
1509 1236 1773 1285 intercedit

4 1310 19 1366 L?
79 1310 172 1358 hoc
202 1310 295 1358 tibi
326 1310 498 1359 reddet
528 1314 737 1360 stemma

1 1372 25 1557 l

190 2073 336 2122 Fides
369 2090 468 2136 qua
497 2076 709 2138 utraque
740 2077 933 2125 familia
965 2078 1289 2141 archetypum
1324 2081 1541 2131 reddidit
1578 2082 1630 2131 in
1661 2084 1769 2131 uni-

25 2181 30 2184 .
79 2161 278 2196 versum
310 2149 511 2210 quidem
542 2150 645 2198 fere
675 2166 768 2212 par
799 2154 873 2200 est
902 2151 987 2200 sed
1009 2152 1214 2202 librario
1238 2156 1513 2219 apographi
1538 2157 1565 2204 b
1589 2157 1770 2205 accidit

79 2223 137 2268 ut
166 2237 197 2268 a
226 2223 389 2284 priore
420 2229 525 2282 πῶς
557 2215 649 2272 οὖν
671 2241 718 2287 p.
746 2226 868 2287 388,
889 2227 954 2274 12
981 2226 1045 2274 ad
1076 2227 1288 2276 alterum
1311 2246 1357 2291 p.
1385 2231 1506 2294 389,
1526 2231 1595 2279 20
1631 2230 1768 2279 aber-

78 2309 194 2343 rans
240 2296 392 2344 verba
437 2313 565 2360 quae
602 2299 733 2346 inter
779 2299 900 2348 haec
943 2301 1178 2364 leguntur
1219 2304 1484 2353 omitteret.
1547 2303 1684 2362 Quae
1719 2306 1770 2353 B

31 2376 37 2411 L
80 2370 298 2418 servavit
327 2386 456 2419 unus
480 2388 506 2419 e
530 2372 780 2422 codicibus
811 2369 1229 2443 superstitibus1),
1262 2377 1304 2425 si
1336 2379 1521 2441 excipis
1552 2379 1769 2427 codicem

31 2503 33 2506 Ι
80 2442 471 2493 Escurialensem
504 2446 589 2508 qui
622 2448 665 2494 si
695 2463 794 2495 non
834 2464 891 2494 ex
929 2448 1017 2497 illo
1059 2449 1191 2512 ipso,
1230 2453 1362 2500 certe
1401 2468 1459 2500 ex
1491 2454 1593 2502 eius
1632 2454 1769 2501 fonte

79 2516 236 2565 fiuxit.
293 2518 568 2582 Singularis
599 2521 757 2585 igitur
787 2521 838 2568 in
870 2522 962 2571 hac
994 2522 1350 2573 declamatione
1392 2528 1466 2576 est
1498 2529 1768 2575 auctoritas

81 2590 261 2640 codicis
292 2592 357 2654 B,
388 2595 679 2654 praesertim
711 2611 822 2643 cum
858 2595 910 2643 in
944 2596 1011 2647 Or
1048 2598 1286 2660 pleraque
1326 2599 1503 2649 abrasa
1534 2603 1586 2649 et
1622 2602 1675 2648 in
1707 2602 1775 2649 M

32 2695 33 2699 =
79 2666 319 2714 nonnulla
348 2667 427 2715 vel
459 2668 640 2717 omissa
672 2669 750 2718 vel
783 2674 1017 2732 corrupta
1047 2671 1162 2734 sint,
1192 2673 1297 2722 Par
1327 2677 1493 2723 autem
1528 2675 1766 2723 recensio-

79 2754 191 2785 nem
223 2755 249 2787 e
280 2740 313 2787 d
344 2743 394 2788 et
423 2742 492 2789 M
515 2743 722 2791 mixtam
754 2743 993 2793 exhibeat.

201 2896 242 2952 1)
274 2895 342 2939 Ex
380 2896 468 2941 hoc
501 2911 528 2941 a
559 2898 642 2943 Pio
675 2898 876 2943 Franchi
914 2900 972 2944 de
1004 2899 1254 2947 Cavaleriis
1293 2904 1528 2960 descripta
1566 2904 1767 2960 primum

34 3011 35 3014 Ἴ
80 2951 260 3008 publici
290 2954 404 2999 iuris
435 2956 526 3001 feci
557 2957 674 3002 Mus.
706 2958 852 3003 Rhen.
878 2958 957 3002 LII
981 2965 1082 3006 297.

168 3035 364 3070 Ianmmis
381 3038 437 3070 ed.
450 3039 596 3072 Foeta
607 3043 688 3072 ter.
704 3040 790 3073 VII.
1356 3042 1412 3081 24
