2014 3158
210 138 320 192 548
650 139 878 184 LIBANH
908 139 1299 185 DECLAMATIO
1331 140 1476 185 XLVI

325 281 406 329 38.
451 278 768 329 Ghisianus
812 280 856 327 R
895 279 967 327 VI
1006 281 1075 328 43
1118 273 1214 346 (=
1251 274 1309 346 G)
1358 295 1482 328 saec.
1518 280 1637 328 XIV
1686 283 1906 330 continet

207 353 347 402 foliis
381 355 448 402 38
483 356 533 402 et
566 355 657 401 391
686 369 786 401 non
823 355 1072 417 integram
1111 354 1547 416 declamationem,
1587 354 1672 403 sed
1710 357 1904 403 tantum

206 428 430 491 titulum,
462 427 798 490 protheoriam
829 427 1073 490 initiaque
1110 429 1418 492 singularum
1449 429 1671 490 partium
1701 430 1907 491 inscrip-

210 502 429 550 tionibus
459 503 724 566 insignita:
756 505 1022 564 μελετῶμεν
1053 500 1139 551 τὸν
1163 499 1647 567 ἀποκηρυττόμενονε
1678 502 1907 567 δεύτερον

205 575 473 640 προοίμιον
511 574 559 634 ἐξ
597 574 916 638 ὑπολήψεως-ε
947 575 999 624 τὸ
1040 572 1129 639 μὲν
1169 568 1261 624 οὖν
1303 583 1555 640 προσῆκον
1582 603 1651 610 ——
1678 576 1907 643 δακρύων

210 667 258 712 p.
286 651 407 712 553,
429 650 697 711 16—554,
719 651 775 711 3;
807 649 1069 714 προοίμιον
1093 649 1255 714 τρίτον
1280 647 1327 708 ἐξ
1353 648 1651 713 ὑπολήψεως
1673 657 1761 698 τοῦ
1794 649 1908 699 διώ-

211 741 407 782 κοντοςε
429 726 734 773 πλεονεκτεῖν
749 738 823 757 ’-·
840 724 1066 787 φαίνεται
1082 741 1128 786 p.
1142 724 1263 785 554,
1285 725 1556 787 16-555,
1578 727 1630 786 1;
1647 724 1909 790 προοίμιον

208 795 436 863 τέταρτον
460 795 508 856 ἐξ
531 796 852 861 ὑπολήψεωςτ
877 795 969 863 ἐγὼ
996 794 1084 861 μὲν
1109 789 1200 846 οὖν
1225 796 1502 862 ἐβουλόμην
1521 825 1590 832 -
1609 795 1732 862 μηδὲ
1758 796 1909 864 ἀνάγ-

210 890 307 935 κην
330 889 377 934 p.
398 873 875 933 555,15-5’56,1;
900 871 1287 936 προκατάστασις
1309 869 1342 935 ἢ
1366 870 1449 920 καὶ
1473 871 1819 937 προδιήγησιςε
1843 871 1908 935 νὴ

211 945 326 1004 τοὺς
349 945 503 1004 θεοὺς
527 943 767 1011 ἐγενόμην
785 973 855 979 —
873 944 1103 1010 οὐδαμῶς
1119 963 1166 1008 p.
1187 947 1561 1007 556,13—14;
1587 944 1909 1009 ἐπιφώνημαξ

210 1019 308 1068 ἔδει
341 1017 393 1068 δὲ
424 1016 518 1084 ἄρα
543 1047 612 1053 -
638 1018 902 1084 ἐτύγχανον
933 1037 979 1082 p.
1008 1021 1367 1081 561,1o—14
1394 1023 1483 1068 etc.
1532 1020 1721 1069 Eadem
1746 1021 1910 1083 opella

212 1094 505 1156 disponendi
537 1094 925 1156 excerpendique
957 1094 1084 1142 hanc
1115 1094 1337 1156 duasque
1371 1094 1496 1142 alias
1521 1094 1907 1143 declamationes

211 1170 266 1216 in
297 1168 547 1216 codicibus
579 1167 915 1216 Laurentiano
943 1167 1085 1215 LVII
1113 1170 1180 1216 27
1214 1168 1297 1217 fol.
1326 1169 1430 1216 226
1466 1170 1516 1216 et
1546 1168 1908 1217 Wolfenbutte-

211 1242 328 1290 lano
354 1243 437 1290 fol.
467 1244 495 1290 3
523 1244 697 1291 exstat.
709 1236 753 1308 ²)
794 1242 1047 1291 Scholium
1077 1244 1130 1290 in
1161 1242 1257 1290 fine
1290 1242 1353 1289 ad
1376 1239 1688 1305 ἀμείψασθαι
1712 1259 1759 1304 p.
1787 1243 1909 1304 568,

218 1318 283 1364 18
318 1318 556 1378 scriptum
597 1316 809 1364 codicem
853 1332 910 1364 ex
950 1315 1117 1364 eodem
1153 1331 1249 1378 quo
1275 1317 1371 1364 Ma
1401 1316 1599 1364 fluxisse
1640 1317 1910 1378 exemplari

214 1390 444 1439 ostendit.
479 1390 603 1437 Vide
630 1393 665 1439 t.
690 1391 717 1438 I
740 1406 787 1452 p.
810 1393 878 1438 10
895 1405 965 1452 sq.
1007 1389 1208 1438 Contuli
1239 1390 1325 1438 sed
1350 1391 1566 1452 exceptis
1590 1391 1789 1439 scholiis
1814 1391 1910 1438 lec-

213 1464 374 1513 tiones
411 1465 464 1511 in
497 1466 797 1526 apparatum
829 1465 1055 1512 criticum
1093 1464 1310 1526 recipere
1351 1480 1451 1512 non
1483 1481 1507 1511 e
1540 1481 1593 1511 re
1626 1466 1788 1513 visum
1821 1468 1908 1512 est.

329 1540 412 1587 39.
459 1537 900 1586 Vallicellanus
947 1538 989 1585 B
1026 1541 1093 1587 70
1141 1531 1235 1605 (15
1285 1539 1338 1586 in
1385 1538 1613 1601 catalogo
1660 1533 1907 1604 Martinii)

215 1627 340 1662 saec.
364 1612 457 1659 XV
481 1613 564 1660 fol.
594 1614 697 1661 205
724 1612 850 1659 nihil
875 1612 971 1659 nisi
1001 1612 1200 1659 initium
1232 1613 1375 1660 tituli
1398 1613 1772 1661 declamationis
1799 1628 1909 1660 con-

213 1687 356 1734 tinet.
402 1685 529 1734 Vide
561 1689 595 1734 t.
620 1686 672 1734 II
701 1703 749 1748 p.
777 1688 898 1734 201.
1782 1686 1786 1687 ’

327 1760 402 1808 Ex
432 1760 509 1808 his
553 1761 605 1808 in
637 1776 836 1808 censum
866 1760 1112 1809 vocandos
1146 1775 1249 1808 esse
1288 1760 1405 1807 duxi
1445 1760 1634 1808 codices
1666 1760 1832 1808 decem
1856 1761 1918 1808 H

224 1832 788 1883 VLiLaMAthMaozB
802 1835 888 1883 Va.
926 1834 1251 1882 Undecimum
1286 1835 1346 1882 Vi
1377 1834 1438 1882 ab
1471 1835 1717 1896 apparatu
1740 1833 1910 1883 critico

216 1907 409 1968 seclusi,
440 1909 559 1970 quia
589 1908 857 1957 lectionum
883 1908 1074 1956 indoles
1103 1925 1215 1955 eum
1239 1924 1265 1956 e
1289 1908 1372 1956 La
1403 1908 1701 1969 descriptum
1733 1925 1908 1970 neque,

216 1982 303 2030 ubi
334 1982 395 2029 ab
429 1982 521 2030 hoc
552 1982 774 2041 discedit,
813 1983 916 2029 ullo
949 1983 1057 2030 loco
1088 1983 1296 2030 meliora
1326 1981 1645 2043 praebentem
1678 1982 1907 2030 ostendit.

326 2055 466 2103 Idem
511 2056 569 2103 de
615 2055 868 2104 Marciano
911 2057 1015 2103 445
1059 2059 1108 2104 et
1146 2056 1390 2104 Vaticano
1435 2057 1537 2103 481
1591 2056 1908 2104 statuendum

216 2145 322 2177 esse
354 2128 485 2176 duxi.

329 2203 510 2251 Decem
542 2208 708 2250 autem
747 2203 822 2250 illi
862 2202 1051 2251 codices
1091 2218 1261 2252 rursus
1300 2204 1353 2250 in
1391 2203 1513 2251 duas
1547 2203 1804 2251 discedunt
1834 2204 1908 2250 fa-

218 2277 398 2337 milias,
431 2293 643 2339 quarum
671 2277 807 2338 prior
831 2277 1079 2325 codicibus
1104 2278 1162 2324 H
1170 2277 1377 2336 VLiLa,
1410 2277 1569 2324 altera
1591 2275 1911 2324 MAthMac‘l

218 2351 355 2400 BVa
386 2352 690 2411 continetur,
728 2352 802 2398 ita
833 2353 1001 2399 tamen
1031 2354 1089 2398 ut
1119 2352 1228 2399 fons
1262 2352 1534 2398 communis
1568 2350 1791 2398 codicum
1814 2351 1909 2398 Ma

222 2424 281 2474 Ol
311 2426 464 2472 etiam
495 2426 595 2473 vim
628 2424 808 2472 codicis
834 2425 916 2472 La
948 2428 1175 2486 expertus
1209 2426 1275 2472 sit
1286 2418 1327 2490 2)
1358 2425 1585 2471 similiter
1617 2427 1766 2486 atque
1797 2424 1907 2472 fons

220 2500 493 2546 communis
525 2497 743 2546 codicum
769 2499 906 2545 BVa
937 2499 1176 2546 nonnulla
1209 2515 1232 2544 e
1257 2499 1325 2546 M
1349 2491 1603 2562 recepit-⁹²)

331 2573 591 2620 Rationem
624 2574 788 2618 autem
824 2588 949 2633 quae
981 2575 1111 2619 inter
1141 2573 1228 2620 hos
1269 2572 1490 2634 singulos
1530 2571 1718 2618 codices
1757 2573 1909 2619 inter-

221 2645 352 2693 cedit
382 2646 473 2693 hoc
511 2645 606 2693 tibi
636 2645 806 2693 reddet
838 2647 1045 2693 stemma
1130 2688 1134 2694 .

343 2833 385 2887 1)
419 2829 484 2874 cf.
518 2833 551 2874 t.
575 2831 596 2874 Ι
626 2845 670 2886 p.
699 2834 766 2872 61.

342 2891 387 2943 2)
420 2888 484 2933 Cf.
518 2904 563 2945 p.
590 2893 731 2941 550‚1
767 2890 814 2932 et
846 2893 893 2942 53
927 2893 1121 2943 558‚13;
1156 2892 1409 2943 568‚6sq.;
1442 2892 1629 2943 570,11.

343 2950 386 3004 3)
419 2947 485 2991 Cf.
517 2963 563 3004 p.
590 2951 689 3003 558,
710 2952 785 3001 103
818 2952 917 3000 572,
939 2951 992 2991 10
1026 2949 1072 2990 et
1104 2951 1181 3001 203
1215 2951 1315 2999 575,
1333 2952 1372 2990 4.
