2044 3168
221 124 329 175 270
619 123 803 168 LIBAN
803 123 847 168 11
877 122 1267 168 DECLAMATIO
1300 123 1533 167 XXXVIII

220 261 323 327 γάρ
370 280 463 326 μοι
511 260 774 328 γυναικὸς
819 261 1150 328 μετεχούσης
1197 260 1364 327 ὥρας,
1412 256 1454 312 ὦ
1503 260 1778 325 δικασταί,
1825 257 1917 312 καὶ

219 350 356 401 κατὰ
386 357 549 402 τοῦτο
584 347 986 417 ἐπαινουμένης
1019 347 1268 415 ἐξιούσης
1296 367 1352 400 τε
1384 349 1646 411 πολλάκις
1677 349 1917 400 ἔνδοθεν

221 439 357 490 κατὰ
394 438 496 506 τὴν
535 437 618 490 ἀεὶ
658 440 1079 506 συμβαίνουσαν
1120 436 1389 505 ἀνάγκην,
1438 429 1528 490 οἷα
1575 437 1643 505 δὴ
1691 437 1758 489 τὰ
1807 446 1918 490 τῶν

221 525 282 579 ἐν
327 529 490 596 πενίᾳ
537 535 819 597 γυναικῶν
873 529 934 579 αἳ
984 527 1049 579 τὰ
1104 534 1216 578 τῶν
1261 531 1622 595 θεραπαινῶν
1669 524 1919 588 ἐπιεικῶς

177 636 195 668 5
221 616 413 678 αὑταῖς
467 617 817 683 διακονοῦσι,
872 617 1080 682 ταύτην
1134 610 1238 668 οὖν
1293 609 1454 677 οὗτος
1510 615 1648 668 ἰδὼν
1701 615 1761 668 τὸ
1816 611 1919 683 μὲν

220 713 467 772 πρῶτον,
523 705 594 766 ὡς
641 705 809 772 εἰκός,
865 703 1210 773 ἐθαύμασεν,
1267 700 1383 756 εἶτα
1429 712 1754 773 προσεῖπεν,
1804 700 1919 756 εἶτα

220 792 594 862 προσπέμπων
635 795 834 861 λόγους
874 813 930 845 τε
971 792 1265 862 ἐρωτικοὺς
1304 791 1394 845 καὶ
1434 795 1679 862 χρήματα
1711 791 1802 845 καὶ
1824 771 1918 845 ’ἐλ-

220 883 383 944 πίδας
421 884 602 935 πολὺν
643 884 861 952 χρόνον,
903 883 975 944 ὡς
1013 882 1250 951 ὕστερον
1282 878 1555 953 ᾐσθόμην,
1596 882 1663 935 οὐ
1702 884 1920 934 πείθων

221 976 539 1024 τελευταῖον
577 969 807 1024 ἔπεισεν.
850 971 881 1039 ἡ
916 971 976 1023 δὲ
1009 969 1144 1040 ἐμοῦ
1184 968 1286 1040 μὲν
1324 971 1611 1041 ὑπερεώρα
1651 969 1742 1023 καὶ
1781 988 1917 1039 παρ-

156 1080 199 1112 10
223 1062 384 1122 ὄντος
438 1058 791 1128 ἐδυσχέραινε
844 1058 935 1112 καὶ
996 1057 1238 1123 ἐξιόντος
1301 1062 1483 1130 ἔχαιρε
1547 1061 1684 1128 δήλη
1740 1078 1796 1112 τε
1850 1054 1920 1127 ἦν

226 1149 366 1211 ὅλως
403 1149 541 1217 πρὸς
581 1147 771 1219 ἕτερον
819 1149 1016 1219 ὁρῶσα.
1089 1148 1135 1200 8.
1177 1157 1271 1217 τῆς
1325 1151 1520 1203 τοίνυν
1575 1148 1705 1217 ἐμῆς
1759 1142 1921 1210 οὗτος

223 1237 519 1290 ἀπολαύων
558 1238 821 1305 γυναικὸς
852 1239 1041 1290 εἰσιών
1072 1257 1140 1290 τε·
1162 1237 1287 1308 παρ’
1329 1238 1520 1306 αὐτήν,
1554 1235 1704 1290 ὁπότ’
1745 1237 1920 1306 ἀσφα-

134 1330 255 1374 RIV
273 1334 358 1374 555
407 1325 512 1394 λε’ς,
554 1328 705 1394 ἄγων
745 1346 802 1379 τε
842 1327 968 1380 ὅποι
1008 1328 1266 1395 βούλοιτο
1314 1325 1868 1395 καταδεδουλωμένος
1909 1324 1915 1397 Ι

223 1416 325 1482 τὴν
364 1417 548 1483 ψυχὴν
586 1423 681 1483 τῆς
729 1415 930 1478 ἀθλίας
976 1414 1066 1468 καὶ
1114 1417 1252 1483 πρὸς
1299 1417 1446 1468 ἅπαν
1493 1418 1633 1485 ἔχων
1679 1415 1920 1468 ὑπακού-

157 1524 198 1556 15
225 1517 400 1556 ουσαν
453 1512 517 1574 τῇ
573 1506 829 1575 συνεχείᾳ
882 1512 977 1572 τῆς
1031 1505 1244 1573 ὕβρεως
1297 1506 1388 1558 καὶ
1434 1504 1609 1573 μέθης
1657 1505 1759 1557 οὐκ
1810 1500 1919 1573 εἶχε

225 1593 543 1646 λανθάνειν.
600 1593 688 1646 καὶ
736 1589 806 1661 ἦν
845 1594 877 1662 ἡ
918 1597 1078 1655 πόλις
1124 1595 1290 1662 μεστὴ
1339 1595 1540 1647 τούτου
1588 1600 1688 1646 τοῦ
1735 1594 1919 1659 λόγου.

224 1681 327 1733 κᾶν
375 1690 490 1743 τοῖς
536 1683 808 1748 κουρείοις
864 1682 968 1735 κάν
1032 1692 1148 1744 τοϊς
1205 1684 1578 1751 μυροπωλίοις
1639 1681 1770 1735 κάπὶ
1824 1689 1919 1749 τῆς

225 1769 430 1840 ἀγορᾶς
460 1769 566 1822 κάν
597 1780 715 1833 ταῖς
749 1772 948 1833 οἰκίαις
979 1773 1121 1824 πολὺ
1154 1778 1319 1823 τοῦτο
1351 1766 1441 1837 ἦν·
1482 1773 1739 1840 μοιχεία
1779 1774 1919 1822 τολ-

224 1867 416 1927 μᾶται
456 1860 614 1911 κατὰ
654 1860 770 1926 τὴν
810 1862 1024 1927 πόλιν,
1074 1856 1214 1912 ἔστι
1264 1856 1332 1912 δὲ
1372 1859 1400 1912 ὁ
1439 1860 1555 1928 μὲν
1593 1864 1847 1927 τολμῶν
1888 1858 1917 1912 ὁ

158 1970 201 2001 20
223 1948 563 2015 πλούσιος,
631 1955 835 2001 τοῦτον
896 1949 995 2002 τὸν
1055 1950 1383 2017 θαυμαστὸν
1445 1947 1721 2015 λέγοντες,
1776 1946 1804 1999 ὁ
1860 1946 1921 1999 δ’

226 2026 800 2111 ἀποστερούμενος
845 2045 956 2105 τῆς
1004 2039 1316 2103 γυναικὸς
1363 2037 1392 2090 ὁ
1438 2036 1660 2104 πένης,
1711 2037 1918 2105 τούμὸν

316 2127 524 2195 Ϊ-ίΧεη.
559 2165 654 2196 oeo.
681 2157 772 2208 9,5
919 2158 942 2195 7
986 2153 1042 2197 cf.
1076 2153 1148 2196 ΡΒ.
1176 2153 1275 2197 Lib.
1309 2155 1342 2196 ι.
1367 2152 1432 2196 IV
1465 2156 1566 2207 589,
1586 2156 1639 2195 13
1658 2152 1710 2194 R.
1758 2150 1915 2207 Sopat.

224 2210 574 2323 ἓὲᾖςξὲἓῌ
599 2216 706 2265 229,
735 2218 788 2256 18
823 2213 894 2256 ed.
922 2211 1068 2256 Walz.
1118 2212 1259 2256 Thue.
1287 2212 1392 2255 VIII
1418 2216 1471 2254 47
1620 2215 1673 2253 17
1717 2211 1819 2265 Lys.
1854 2224 1916 2254 or.

347 2364 369 2402 1
403 2358 708 2417 προδιήγησις
737 2362 825 2404 ΖΙΙα
835 2360 850 2383 ²

348 2468 368 2506 1
405 2479 493 2518 μου
518 2464 593 2507 La
634 2466 642 2518 Ι
685 2463 852 2518 ἄνδρες
878 2465 950 2508 La
1074 2469 1098 2506 3
1133 2461 1233 2508 οἷον
1266 2464 1376 2506 Ferr
1409 2465 1455 2506 et
1486 2479 1540 2518 γρ
1573 2462 1622 2506 in
1653 2476 1786 2519 marg
1819 2462 1919 2506 Mor

345 2526 372 2564 4
396 2520 704 2576 θεραπαίνων
723 2523 799 2565 La
913 2527 938 2566 5
964 2521 1152 2573 ἑαυταῖς
1169 2524 1242 2566 La
1304 2523 1467 2572 αὐταῖς
1486 2523 1554 2566 Va
1615 2522 1754 2565 αὐταὶ
1772 2521 1917 2565 Cobet

227 2580 427 2625 0011296
491 2596 602 2624 num
628 2581 791 2631 αὑταῖς
815 2581 982 2625 astar?
1011 2584 1016 2636 Ι
1045 2578 1128 2626 οὖν
1154 2595 1230 2624 om
1249 2582 1386 2625 MaB
1395 2581 1466 2624 Va
1492 2582 1498 2636 Ι
1525 2588 1848 2636 τομενπρῶτον
1871 2582 1917 2624 Β

348 2645 370 2682 7
403 2638 689 2696 προπέμπων
715 2641 850 2683 MLa
881 2640 992 2683 Ferr
1021 2641 1123 2684 Mor
1244 2645 1268 2683 9
1301 2642 1519 2684 τελευτῶν
1546 2641 1619 2683 La
1661 2642 1667 2696 Ι
1707 2637 1919 2692 παρόντα

235 2701 302 2742 La
426 2703 479 2742 12
505 2700 610 2753 περὶ
637 2700 706 2742 Va
733 2701 738 2754 1
768 2697 906 2743 ὁπότε
925 2702 986 2744 Μ
1007 2700 1097 2742 edd
1220 2703 1273 2743 13
1307 2698 1454 2755 αὐτὴν
1478 2700 1586 2755 post
1608 2715 1654 2742 τε
1675 2701 1763 2742 Μα
1790 2699 1797 2755 l
1826 2697 1916 2754 ’ὅπη

227 2758 375 2803 MaCl
496 2763 550 2801 14
576 2755 749 2802 ἅπαντ’
767 2759 842 2802 La
965 2763 1018 2801 15
1044 2755 1155 2813 μεθ’
1178 2755 1231 2811 ἧς
1248 2759 1322 2802 La
1445 2762 1498 2801 16
1524 2757 1635 2813 μετὰ
1656 2757 1802 2802 Mac'l

230 2821 282 2862 1¹1
317 2814 625 2872 μυροπωλίοις
653 2816 817 2872 scripsi
843 2830 868 2859 e
894 2818 968 2861 La
1030 2815 1361 2872 μυροπωλείοις
1390 2815 1561 2872 reliqui
1592 2816 1702 2859 libri
1733 2816 1825 2858 edd
1857 2815 1916 2859 cf.

227 2876 287 2918 ad
319 2878 352 2918 t.
377 2875 441 2919 IV
467 2881 536 2930 11,
556 2881 580 2919 9
726 2880 779 2919 19
815 2875 910 2932 ὁ(2)
943 2890 1017 2919 om
1045 2878 1119 2919 La
1255 2881 1309 2919 21
1343 2875 1690 2931 ἀφαιρούμενος
1715 2877 1804 2919 Μα
1835 2874 1916 2918 sed

230 2951 282 2989 γρ
316 2934 715 2990 ἀποστερούμενος
746 2949 960 2990 suprascr
991 2935 1073 2989 m²‚
1102 2936 1200 2979 CZB
1212 2936 1279 2979 Va-
1307 2937 1313 2991 1
1340 2940 1421 2989 τῆς
1452 2949 1526 2978 om
1554 2934 1758 2978 MMaoz
