2014 3158
864 396 1002 451 XLI.

198 522 507 571 Declamatio
531 522 770 585 inscripta
787 519 1013 585 Λοιμὸς
1037 518 1227 586 ἐπεῖχε
1251 519 1356 585 τὴν
1383 518 1570 571 πόλιν.
1604 519 1772 586 ἔχρη-

87 612 185 646 σεν
226 594 252 646 ὅ
290 595 431 656 θεὸς
468 595 815 645 παύσασθαι
853 594 952 644 τὸν
992 594 1222 659 λοιμόν,
1260 595 1313 644 εἰ
1349 593 1375 645 ὅ
1415 595 1601 660 δῆμος
1642 594 1774 655 ἑνός

86 690 187 721 του
218 678 330 720 τῶν
361 673 618 720 πολιτῶν
648 670 831 719 παῖδα
862 669 1119 718 θύσειεν.
1152 667 1353 735 ἔλαχεν
1386 667 1411 719 ὁ
1434 677 1536 719 τοῦ
1570 669 1771 736 μάγου.

85 744 460 810 ὑπισχνεῖται
491 745 744 794 παύσειν
783 743 883 794 τὸν
922 742 1151 808 λοιμόν,
1190 743 1241 792 εἰ
1277 741 1632 809 ἀπόσχοιντο
1671 751 1772 793 τοῦ

83 819 310 879 παιδός.
351 819 765 885 βουλεύονται,
806 834 904 880 qua
945 834 1071 866 unus
1113 835 1138 866 e
1178 818 1367 866 civibus
1404 819 1541 867 urbis
1579 812 1772 885 pestel)

0 884 1 950 ff
84 910 345 958 oppressae
377 893 551 942 suadet
582 909 642 942 ne
673 908 849 956 magus
880 893 1114 941 audiatur
1135 893 1374 955 pollicens
1399 909 1448 942 se
1471 893 1603 955 pesti
1625 892 1771 941 finem

84 985 188 1017 esse
219 968 590 1031 impositurum,
622 969 665 1016 si
697 983 726 1015 a
757 967 861 1015 filio
892 966 1049 1029 ipsius
1082 970 1212 1016 sorte
1251 970 1308 1015 ut
1339 966 1402 1015 ad
1432 968 1571 1015 illam
1605 983 1771 1016 arcen-

83 1043 197 1091 dam
237 1043 327 1090 deo
366 1045 669 1091 mactaretur
706 1041 954 1090 destinato
993 1057 1169 1090 manus
1209 1041 1534 1103 abstinerent,
1581 1057 1679 1090 non
1718 1043 1771 1090 in

81 1132 285 1165 numero
317 1132 486 1164 earum
517 1118 593 1165 est
623 1132 752 1178 quae
784 1131 973 1164 summo
1005 1117 1185 1178 plausu
1222 1116 1607 1178 accipiebantur.
1669 1116 1772 1164 Ita-

83 1208 175 1254 que
208 1206 510 1253 quamquam
540 1206 639 1238 non
680 1190 860 1239 finibus
894 1186 1153 1252 ‘corporis'
1188 1190 1404 1239 coercita
1441 1191 1645 1252 mansit,
1686 1189 1771 1239 sed

81 1265 232 1314 etiam
262 1266 315 1312 in
347 1265 543 1329 eclogas
576 1265 669 1313 etsi
699 1280 883 1327 paucas
915 1265 1138 1326 transiit,
1177 1268 1345 1314 tamen
1363 1254 1608 1312 'numerus
1639 1264 1769 1312 codi-

81 1355 194 1387 cum
233 1339 411 1402 quibus
451 1339 514 1388 ad
559 1339 687 1387 hanc
734 1342 950 1388 aetatem
995 1341 1223 1402 pervenit
1267 1354 1454 1401 parvus
1493 1341 1580 1388 est.
1644 1338 1772 1386 Sunt

80 1415 247 1462 autem
279 1414 331 1461 hi
366 1414 458 1462 15:

190 1488 382 1550 Incipio
416 1504 445 1536 a
478 1483 871 1550 ‘corporalibus’.

194 1564 241 1610 1.
280 1561 874 1624 Hierosolym-itanus
915 1561 962 1611 S.
996 1561 1201 1611 Crucis
1237 1564 1310 1610 57
1346 1555 1440 1629 (=
1468 1556 1554 1629 Cr)
1593 1561 1769 1624 palim-

0 1674 3 1679 ,
79 1639 272 1698 psestus
319 1637 504 1684 saeculi
538 1630 731 1702 XIsXII
777 1637 1023 1684 continuit
1069 1636 1188 1684 folio
1224 1637 1339 1684 67¹²
1383 1636 1535 1685 verba
1578 1635 1693 1685 inde
1740 1652 1770 1684 a

77 1727 125 1772 p.
145 1711 345 1771 379,18
366 1703 428 1775 ἧν
445 1709 672 1777 καθαρὸν
688 1726 841 1773 usque
861 1710 924 1758 ad
939 1727 985 1773 p.
1001 1711 1122 1772 384,
1139 1706 1335 1775 11ἡμᾶς
1351 1709 1498 1777 παρὰ,
1514 1710 1635 1758 folio
1656 1711 1771 1759 63'1·

0 1836 6 1840 ,
78 1784 227 1833 verba
266 1800 392 1846 quae
423 1785 500 1832 his
531 1784 804 1834 succedunt
832 1801 880 1848 p.
907 1786 1028 1847 384,
1050 1787 1112 1833 11
1156 1783 1290 1851 παρὰ
1327 1783 1412 1834 τὸν
1451 1784 1574 1835 θεὸν
1613 1800 1768 1847 usque

78 1858 142 1906 ad
171 1876 219 1921 p.
246 1860 368 1920 389,
388 1861 455 1907 20
481 1857 573 1908 οὐκ
596 1855 692 1923 ἐμὲ,
719 1858 840 1907 folio
866 1859 983 1907 soff
1011 1859 1164 1908 verba
1194 1861 1454 1922 sequentia
1483 1877 1530 1922 p.
1558 1860 1679 1921 389,
1699 1861 1767 1908 20

78 1931 277 1995 σφάττει
299 1949 456 1995 usque
473 1933 536 1981 ad
552 1950 600 1996 p.
620 1934 742 1994 393,
762 1934 828 1981 13
846 1932 1067 1997 νεκροὺς,
1082 1934 1203 1982 folio
1223 1935 1318 1982 39v
1337 1933 1487 1982 verba
1511 1936 1768 1995 sequentia

76 2023 123 2068 p.
144 2008 264 2069 393,
280 2011 303 2055 1
315 2009 343 2056 3
363 2005 612 2071 ἐπανῆλθε
628 2023 786 2069 usque
804 2007 868 2055 ad
887 2009 1009 2069 394,
1022 2010 1088 2056 14
1103 2007 1389 2074 κερδαίνων.
1420 2007 1515 2056 Sed
1530 2008 1767 2071 pleraque

198 2164 240 2215 1)
272 2162 563 2220 Quamquam
595 2162 813 2207 Reiskius
844 2179 889 2221 p.
916 2168 1000 2207 725
1033 2165 1127 2208 not.
1156 2169 1211 2208 14
1243 2164 1424 2209 dicens:
1467 2166 1684 2222 „Mayus,
1714 2166 1767 2209 in

0 2246 3 2254 »
76 2236 204 2278 quem
235 2224 321 2267 hac
350 2225 554 2268 oratione
584 2223 826 2278 invehitur,
856 2224 1027 2279 ficticia
1056 2229 1120 2268 est
1152 2238 1371 2280 persona,
1403 2225 1536 2269 cuius
1572 2225 1764 2269 assimu-

0 2292 1 2295 ’
77 2283 245 2327 latione
285 2283 494 2327 sacerdos
531 2283 811 2327 christianus
849 2283 945 2328 desi
973 2286 1140 2327 natum-‘⁴
1175 2296 1272 2327 rem
1311 2283 1361 2326 in
1400 2283 1551 2327 maius
1584 2282 1765 2338 extulit,

74 2342 233 2384 tamen
263 2339 313 2384 in
344 2341 472 2398 magi
502 2355 750 2398 personam
781 2355 939 2385 nonnu
959 2341 1006 2386 la
1030 2355 1055 2385 e
1080 2342 1321 2386 sacerdote
1346 2342 1600 2387 christiano
1630 2342 1766 2386 illata

0 2415 2 2425 ¹
76 2413 176 2444 esse
207 2400 334 2444 haud
364 2414 484 2458 nego
515 2400 644 2444 velut
672 2416 717 2457 p.
744 2404 844 2454 380,
863 2405 889 2444 9
921 2409 1102 2458 μακροῦ
1141 2399 1312 2459 χρόνου
1350 2402 1430 2446 καὶ
1461 2400 1627 2457 πείρας
1655 2404 1765 2446 πολ-

76 2461 157 2515 λῆς
186 2459 267 2503 καὶ
297 2457 553 2516 μαρτυρίας
582 2465 742 2516 κοινῆς
765 2459 1022 2515 ἄνθρωπος
1043 2463 1176 2512 θεοῖς
1199 2460 1369 2518 ἐχθρὸς
1392 2462 1519 2515 ἀξιοῖ
1540 2465 1764 2518 νομισθῆ-

0 2564 3 2572 ,
76 2535 155 2562 ναι
187 2516 477 2574 osuven-9093
508 2534 554 2576 p.
581 2523 682 2575 392,
702 2523 757 2562 19
789 2518 813 2563 ὁ
840 2519 891 2564 δὲ
914 2521 1192 2575 λοιδορεῖται
1216 2527 1314 2572 τοῖς
1335 2523 1468 2572 θεοῖς
1492 2520 1570 2564 καὶ
1596 2536 1763 2576 μονον-

74 2577 130 2620 οὺ
168 2577 480 2622 κατασκάπτει
526 2579 635 2629 τοὺς
680 2578 815 2633 νεώςς
863 2594 908 2635 p.
934 2583 1079 2633 373‚9
1126 2579 1235 2630 τοὺς
1271 2579 1418 2638 τούτῳ
1457 2577 1764 2630 συνειπόντας

75 2635 122 2679 οἳ
151 2633 232 2680 τὸν
264 2635 414 2693 μάγον
447 2634 562 2682 ὅθεν
587 2640 802 2693 φιλοῦσιν
834 2638 918 2681 οὐκ
950 2637 1138 2695 ἄδηλον.
1187 2638 1279 2682 Sed
1310 2638 1454 2682 etiam
1478 2637 1763 2694 Sophocleae

76 2693 206 2738 illius
245 2695 293 2738 in
326 2695 505 2753 Oedipo
543 2696 671 2753 Rege
703 2711 742 2740 v.
769 2700 853 2739 387
872 2710 940 2752 sq.
980 2697 1108 2754 magi
1148 2697 1476 2754 descriptionis
1516 2697 1762 2741 Libanium

73 2753 201 2797 haud
232 2754 549 2799 immemorem
579 2755 724 2799 fuisse
746 2754 887 2800 facile
911 2758 1119 2812 apparet.
1166 2757 1504 2814 Argumentum
1530 2755 1762 2800 declama—

74 2813 216 2855 tionis
240 2813 290 2856 in
313 2816 515 2858 mentem
539 2818 729 2859 revocat
751 2828 870 2870 quae
886 2814 1184 2871 Thucydides
1207 2816 1257 2859 in
1282 2815 1592 2871 descriptione
1615 2815 1761 2871 pestis

74 2871 260 2916 Atticae
290 2871 333 2915 Π
356 2878 471 2927 47‚3
510 2873 696 2917 rettulit
734 2871 821 2918 ὅσα
859 2890 907 2918 τε
945 2875 1063 2929 πρὸς
1100 2874 1242 2929 ἱεροῖς
1280 2874 1518 2919 ἱκέτευσαν
1557 2873 1584 2930 ἦ
1625 2890 1761 2929 μαν-

74 2928 252 2981 τείοις
281 2931 361 2975 καὶ
393 2939 490 2982 τοῖς
519 2933 749 2984 τοιούτοις
780 2932 1031 2990 ἐχρήσαντο
1062 2933 1218 2978 πάντα
1249 2935 1465 2990 ἀνωφελῆ
1499 2928 1572 2989 ἦν.
