2014 3158
227 130 335 183 704
713 130 900 174 LIBAN
900 130 944 174 11
973 129 1367 175 DECLAMATIO
1400 130 1436 174 L

225 268 304 328 εἰς
343 266 481 336 ὑμᾶς
521 265 720 334 βλέψαι
760 267 1095 335 δυνάμενος,
1141 273 1215 339 τῷ
1256 263 1358 335 μὲν
1403 267 1582 335 ἥττων
1630 263 1774 320 εἶναι
1811 275 1924 319 τῶν

227 353 287 408 ἐν
347 364 466 418 ταῖς
529 354 838 423 ἐκκλησίαις
898 356 1165 424 θορύβων
1218 354 1309 408 καὶ
1364 364 1428 426 τῇ
1483 365 1596 409 τῶν
1659 355 1926 408 ἐνταυθοῖ

227 444 562 512 πραγμάτων
586 443 807 514 ἀπειρίᾳ
837 446 1074 510 νομίζων
1106 443 1363 513 οὐδαμῶς
1394 443 1465 496 ἂν
1496 439 1576 497 ὧν
1612 442 1926 497 ἐσπούδακα

227 541 440 601 τυχεῖν,
486 540 560 604 τῷ
609 531 658 585 δ’
703 532 845 601 ὑμᾶς
898 529 1042 585 εἶναι
1096 534 1536 602 φιλανθρώπους
1581 531 1672 586 καὶ
1719 538 1794 604 τῷ
1833 550 1926 585 πε-

180 641 202 674 ⁶
227 622 565 674 παιδεῦσθαι
597 623 727 684 τοὺς
766 621 1107 690 ἀτυχοῦντας
1146 622 1321 674 ἐλεεῖν
1352 620 1585 685 ἐλπίζων
1619 622 1704 675 ὅτι
1735 642 1801 691 με
1830 629 1925 690 τῆς

227 712 458 777 κρίσεως
498 709 803 777 ἐξελόμενοι
842 718 917 781 τῷ
958 708 1123 780 πατρὶ
1162 711 1515 780 παραδώσετε
1553 711 1690 780 πρὸς
1730 712 1924 779 φόνον.

228 799 277 851 2.
306 800 351 851 εῑ
374 796 477 866 μὲν
502 795 606 852 οὖν
629 798 823 868 ἠξίουν
846 799 988 868 ὑμᾶς
1021 798 1309 862 διαλλάξαι
1339 819 1434 868 μοι
1465 799 1564 852 τὸν
1594 798 1800 867 πατέρα
1831 798 1923 852 καὶ

228 895 454 955 ποιῆσαι
486 895 667 958 πρᾷον
698 889 788 940 καὶ
820 897 1004 941 πεῖσαι
1038 889 1140 956 τὴν
1173 885 1305 941 οὐδὲ
1335 887 1494 957 μέχρι
1536 888 1773 956 ῥήματος
1806 887 1924 954 ἐμοὶ

230 977 481 1044 φορητὴν
511 978 717 1045 ταύτην
750 976 917 1041 δόξαν
948 976 1286 1045 ἀποθέσθαι,
1309 978 1445 1046 τάχα
1470 974 1573 1046 μὲν
1598 975 1717 1029 οὐδ’
1751 977 1926 1039 οὕτως

161 1086 205 1118 ιο
227 1066 299 1119 ἂν
338 1067 466 1119 οὔτε
504 1076 616 1118 τῶν
653 1066 934 1137 ὑμετέρων
973 1066 1234 1136 ἀλλότρια
1276 1068 1496 1135 τρόπων
1535 1065 1762 1134 ἐζήτουν
1800 1064 1927 1119 οὔτ’

229 1153 451 1208 ἐναντία
490 1163 556 1225 τῇ
597 1156 766 1223 φύσει
804 1163 870 1226 τῇ
908 1156 1108 1217 παῖδας
1154 1153 1244 1208 καὶ
1290 1154 1487 1222 γονέας
1526 1156 1740 1217 οἰκείως
1778 1152 1926 1224 ἔχειν

229 1243 488 1311 ἀλλήλοις
541 1242 834 1314 ἐθελούσῃ,
890 1244 1022 1306 ἴσως
1071 1242 1120 1296 δ’
1174 1245 1243 1296 ἄν
1289 1263 1371 1306 τις
1421 1244 1765 1312 ἠγανάκτησε
1815 1253 1926 1296 τῶν

228 1332 348 1386 οὐδ’
388 1331 450 1385 ἐν
486 1342 600 1395 τοῖς
630 1336 856 1395 πολλοῖς
886 1332 1020 1402 ὑμῖν
1053 1331 1330 1401 ἐοικότων,
1372 1334 1419 1385 εἰ
1450 1333 1712 1402 τοιαύτην
1743 1335 1926 1386 αἰτίαν

228 1418 333 1488 ἐγὼ
374 1422 562 1489 λαβὼν
602 1422 747 1484 ὅπως
786 1424 917 1490 μήτε
957 1424 1127 1490 λόγον
1166 1421 1375 1490 μηδένα
1405 1414 1538 1490 μήτε
1571 1422 1733 1489 δίκην
1763 1423 1926 1490 μηδε-

162 1530 205 1562 15
229 1512 361 1578 μίαν
415 1516 495 1581 τςῖ·
543 1512 710 1581 πατρὶ
765 1512 925 1579 δοίην
977 1513 1401 1580 διεπραττόμην·
1457 1508 1573 1563 ἐπεὶ
1621 1510 1707 1578 δέ,
1754 1510 1783 1563 ὃ
1830 1518 1928 1579 τῆς

227 1599 457 1668 κρίσεώς
511 1599 687 1668 ἐστιν,
741 1600 812 1653 ἂν
866 1599 1003 1668 ἁλῶ,
1058 1599 1250 1668 πέρας,
1298 1596 1444 1652 τοῦτ’
1505 1598 1574 1652 ἂν
1618 1601 1927 1668 βουλοίμην

226 1688 520 1755 ὑπομεῖναι
574 1697 752 1758 σιωπῇ
814 1697 913 1742 τοῦ
967 1690 1172 1759 πατρὸς
1225 1689 1399 1741 αὐτοῦ
1453 1689 1519 1741 τὰ
1580 1697 1675 1757 τῆς
1732 1691 1924 1757 ψήφου

227 1785 539 1845 ποιοῦντος,
581 1777 682 1830 οὐκ
715 1774 840 1830 οἶδα
872 1779 950 1840 εἰς
988 1780 1044 1830 τί
1081 1798 1163 1840 τις
1192 1777 1413 1846 βλέπων
1445 1777 1479 1845 ἢ
1510 1778 1566 1830 τί
1603 1787 1715 1830 τῶν
1753 1777 1926 1830 ἁπάν-

227 1885 338 1918 των
391 1866 753 1934 ὑφορώμενος
807 1867 907 1920 οὐκ
956 1866 1026 1920 ἂν
1075 1869 1198 1935 δοίη
1245 1867 1347 1935 τὴν
1394 1867 1568 1937 χάριν.
1632 1866 1680 1919 3.
1729 1868 1779 1919 εί
1823 1863 1925 1934 μὲν

159 1975 205 2006 80
229 1950 334 2008 οὖν
374 1954 560 2025 ἑώρων
607 1955 696 2009 καὶ
748 1989 763 2008 ι
790 1966 854 2010 ἀν
898 1958 998 2010 τὸν
1046 1955 1253 2024 πατέρα
1294 1955 1629 2025 ἐφεστηκότα
1668 1953 1758 2008 καὶ
1797 1956 1927 2017 τοὺς

228 2041 515 2106 ἐναντίους
554 2044 674 2112 ἐμοὶ
713 2045 1231 2115 παρεσκευασμένον
1268 2046 1406 2113 πρὸς
1444 2044 1587 2113 ὑμᾶς
1625 2046 1801 2097 εἰπεῖν
1840 2046 1924 2096 λό-

138 2134 359 2181 RIV842
408 2153 566 2201 γους,
614 2132 782 2188 οὐδὲν
829 2134 898 2187 ἂν
945 2130 1023 2187 ὧν
1075 2135 1403 2202 διανοοῦμαι
1443 2133 1660 2203 φράσας
1699 2133 1873 2194 εὐθὺς
1915 2139 1921 2214 1
1985 2119 1990 2123 ¹

228 2219 298 2273 ἂν
331 2221 687 2291 ἀποπηδήσας
727 2221 947 2294 ᾠχόμην
986 2219 1048 2275 εὖ
1089 2231 1252 2276 τοῦτο
1291 2223 1468 2290 εἰδώς,
1509 2221 1581 2284 ὡς
1612 2223 1824 2274 ἅπαντα
1856 2219 1925 2272 ἂν

352 2357 374 2395 1
409 2353 476 2404 εἰς
506 2354 626 2409 ὑμᾶς
659 2367 735 2396 om
762 2355 878 2398 VaA
905 2357 911 2409 Ι
939 2354 1006 2404 εἰς
1037 2354 1162 2397 inser
1186 2353 1299 2398 Ma²
1360 2353 1400 2396 εἰ
1417 2352 1537 2397 Mon
1564 2356 1569 2407 Ι
1597 2348 1735 2405 ἧττον
1759 2353 1805 2395 A

229 2415 254 2453 2
297 2413 347 2456 ἐν
385 2412 510 2455 inser
542 2412 609 2455 Re
686 2427 762 2456 om
793 2412 903 2456 libri
1049 2417 1073 2455 3
1115 2409 1178 2456 ὧν
1211 2412 1480 2457 ἐσπούδακα
1512 2418 1668 2468 τυχεῖν
1701 2409 1867 2466 scripsi
1899 2423 1923 2453 e

238 2470 551 2516 VaAMaGlB
591 2485 697 2515 oum
735 2472 945 2515 Iacobsio
978 2472 1091 2515 Lech
1125 2476 1206 2515 157
1242 2471 1383 2514 Schul
1460 2468 1524 2514 ὢν
1565 2470 1743 2514 ἐπούὸα
1781 2485 1926 2512 κατα-

227 2538 382 2586 τυχεῖν
411 2532 528 2575 Mon
605 2528 669 2575 ὢν
710 2531 1040 2575 ἐσπούδακατα
1078 2538 1232 2589 τυχεῖν
1264 2530 1332 2573 Re
1476 2534 1501 2572 6
1542 2527 1808 2584 ἐξελόμενον
1832 2529 1878 2572 A
1911 2526 1917 2586 ξ

229 2590 556 2644 παραδώσεται
589 2591 706 2634 VaB
775 2588 1065 2644 παραδόσετε
1094 2592 1181 2634 Μα
1331 2594 1358 2633 8
1390 2591 1542 2643 πρᾶον
1570 2588 1783 2632 MonAB

230 2652 286 2691 12
319 2647 611 2705 ἠγανάκτησε
642 2665 712 2698 τις
735 2650 823 2692 Ma
969 2654 1024 2692 15
1057 2648 1192 2705 δοίην
1225 2648 1390 2704 scripsi
1423 2661 1446 2691 e
1472 2648 1518 2690 B
1595 2650 1723 2691 δοῖεν
1754 2645 1924 2700 reliqui

229 2705 340 2750 libri
371 2707 439 2750 Re
562 2712 616 2750 17
650 2709 897 2763 ὑπομεῖναι
923 2709 1014 2751 Μα
1045 2708 1126 2752 sed
1159 2708 1251 2751 ὑπο
1282 2707 1408 2750 inser
1438 2706 1508 2749 m³
1535 2706 1540 2763 Ι
1578 2712 1726 2762 σιωπῇ
1759 2703 1923 2760 scripsi

229 2778 256 2809 e
290 2766 601 2811 VaAMaClB
634 2781 738 2810 cum
771 2765 943 2810 Cobeio
970 2766 1179 2811 0011303
1243 2773 1433 2810 σιωπεῖν
1458 2766 1577 2809 Mon
1607 2765 1675 2808 Re
1738 2769 1923 2807 σιωπῶν

228 2823 390 2869 Iacobs
423 2825 536 2869 Leot
560 2825 703 2869 Schul
826 2829 880 2869 18
913 2825 954 2868 εἰ
982 2824 1048 2869 ετί
1075 2827 1193 2870 Mon
1315 2829 1369 2867 20
1401 2821 1695 2880 ὑφεστηκότα
1722 2824 1810 2866 Μα
1836 2821 1923 2864 sed

637 2885 719 2935 οὺς
906 2901 987 2935 ους

228 2959 258 2986 υ
290 2943 338 2986 in
371 2957 446 2987 ras
478 2943 547 2988 m⁸
575 2946 582 2999 Ι
608 2944 709 2987 τοὶσ
741 2941 975 2987 εναντίοισ
999 2945 1044 2987 A
