2014 3158
211 102 319 155 642
625 101 891 160 [LIBAMI]
922 96 1313 144 DECLAMATm
1346 101 1486 144 xmx

322 242 527 290 Initium
558 242 687 290 facio
720 258 750 289 a
784 236 1176 303 ‘corporalibus'.

326 320 370 364 1.
397 315 983 378 Hierosolymitanus
1007 315 1334 364 bibliothecae
1358 316 1707 378 patriarchalis
1733 316 1781 364 S.
1801 316 1902 364 Se-

210 391 406 454 pulcri
444 392 544 438 107
575 384 668 455 (=
694 382 766 456 Η)
799 405 924 438 saec.
949 390 1069 437 XIV
1100 390 1182 437 fol.
1215 391 1294 438 75.
1336 390 1461 438 Vide
1492 392 1527 438 t.
1553 390 1599 436 V
1630 407 1676 452 p.
1706 391 1810 440 150
1828 406 1900 453 sq.

212 463 426 514 Contuli.

325 541 370 587 2.
403 539 734 587 Vaticanus
767 554 838 602 gr.
869 540 974 588 940
1008 533 1102 605 (=
1130 531 1199 605 V)
1233 554 1357 587 saec.
1383 539 1649 604 XIHJXIV
1681 539 1765 589 fol.
1794 541 1901 587 62⁷.

213 613 470 662 Correctus
511 615 584 662 est
623 629 683 661 ex
721 613 878 662 altero
926 613 1092 662 codice
1140 628 1293 661 manu
1340 614 1568 663 secunda.
1631 613 1758 662 Vide
1789 616 1825 661 t.
1857 613 1903 660 V

210 705 257 750 p.
287 689 388 737 152
408 703 479 750 sq.
533 686 746 735 Contuli.

323 761 378 810 Si
410 762 571 810 minus
603 777 661 810 ex
692 761 784 810 hoc
814 763 946 824 ipsc,
987 764 1118 810 certe
1152 777 1210 809 ex
1242 762 1345 810 eius
1378 763 1532 811 fratre
1564 762 1774 826 gemello
1809 761 1902 810 ori-

211 839 376 901 ginem
406 838 664 884 traxerunt
695 836 792 885 duo
825 835 1035 885 codices:

325 912 370 959 3.
410 911 782 960 Monacensis
829 927 900 975 gr.
937 912 1003 958 96
1054 926 1176 959 saec.
1218 910 1336 958 XVI
1385 911 1469 961 fol.
1508 913 1612 959 75V.
1680 910 1906 959 Contulit

210 986 414 1034 Reiskia
443 985 496 1032 in
526 1001 676 1033 usum
706 984 876 1033 mariti
907 986 995 1046 qui
1035 1001 1147 1033 eum
1178 985 1478 1034 Bavaricum
1518 985 1788 1034 secundum
1819 1001 1904 1047 ap·

210 1060 450 1122 pellatum
482 1061 654 1108 littera
685 1060 735 1106 B
765 1059 1040 1122 insignivit.
1082 1059 1208 1107 Vide
1242 1062 1276 1107 t.
1302 1059 1347 1106 V
1370 1077 1418 1122 p.
1447 1061 1551 1108 364
1571 1075 1641 1121 sq.
1676 1063 1725 1107 et
1756 1075 1906 1122 supra

212 1211 261 1256 et

324 1284 372 1331 4.
411 1282 791 1330 Matritensis
824 1283 1018 1331 N-130
1060 1298 1182 1331 saec.
1215 1282 1334 1330 XVI
1373 1284 1456 1331 fol.
1493 1284 1600 1330 82V.
1656 1282 1782 1330 Vide
1814 1283 1850 1329 t.
1880 1282 1907 1329 I

210 1374 257 1419 p.
284 1358 389 1404 428
409 1373 481 1419 sq.
515 1359 564 1404 et
594 1360 628 1404 t.
654 1357 700 1403 V
731 1374 779 1419 p.
807 1358 927 1404 364.

325 1429 450 1479 Cum
481 1431 592 1480 HV
619 1434 724 1479 arte
758 1431 988 1479 cohaeret

325 1507 370 1553 5.
396 1504 841 1553 Laurentianus
866 1504 1007 1553 LVII
1028 1507 1092 1552 27
1121 1521 1250 1554 anno
1281 1507 1420 1554 1392
1456 1507 1685 1553 exaratus
1709 1505 1794 1552 fol.
1823 1505 1905 1552 93.

211 1579 337 1628 Vide
369 1582 403 1627 t.
429 1580 455 1627 I
485 1597 530 1642 p.
559 1580 625 1628 59
646 1595 716 1641 sq.

323 1654 398 1701 Ex
427 1654 521 1703 hoc
552 1670 667 1702 vero
699 1653 972 1716 descriptus
1005 1656 1080 1702 est

326 1730 372 1776 6.
403 1728 996 1776 Wolfenbuttelanus
1017 1729 1119 1776 511
1150 1727 1459 1776 Gudianus
1485 1745 1556 1792 gr.
1578 1730 1642 1775 77
1671 1742 1795 1775 saec.
1813 1726 1905 1774 XV

211 1803 294 1850 fol.
324 1803 443 1851 103.
492 1801 717 1850 Contulit
749 1803 952 1851 Reiskia
990 1804 1044 1850 in
1083 1818 1226 1850 usum
1265 1802 1435 1851 mariti
1476 1803 1560 1863 qui
1593 1817 1706 1850 eum
1735 1801 1907 1850 littera

222 1876 289 1925 W
315 1875 588 1941 insignivit.
643 1876 769 1924 Vide
801 1878 837 1925 t.
862 1877 886 1923 I
917 1894 964 1939 p.
994 1878 1060 1926 59
1081 1892 1151 1938 sq.

327 1952 372 1999 7.
400 1949 839 1999 Laurentianus
856 1950 997 1998 LVII
1017 1953 1078 1999 21
1103 1966 1227 1999 saec.
1245 1946 1478 2016 XIVJXV
1496 1950 1746 1999 f01.127v.
1779 1949 1906 1997 Vide

212 2026 247 2072 t.
272 2024 318 2071 V
348 2041 395 2086 p.
426 2025 529 2074 158
551 2039 621 2087 sq.

327 2101 372 2147 8.
406 2098 776 2147 Barberinus
801 2098 852 2146 II
877 2101 943 2147 41
972 2115 1103 2147 nunc
1128 2099 1400 2148 Vaticanus
1425 2098 1571 2147 Barb.
1599 2099 1706 2146 220
1726 2091 1819 2163 (=
1836 2090 1904 2162 Β)

212 2188 337 2221 saec.
363 2172 454 2219 XV
492 2173 577 2220 fol.
605 2173 749 2221 384¹&
806 2172 1003 2221 Scholia
1045 2173 1239 2222 adiecta
1278 2176 1394 2222 sunt
1432 2188 1585 2220 manu
1623 2171 1817 2219 librarii
1856 2173 1906 2219 et

211 2245 546 2294 rubricatoris.
586 2246 712 2294 Vide
735 2249 770 2294 t.
795 2247 821 2295 I
844 2264 890 2309 p.
912 2249 979 2294 24
998 2263 1067 2309 sq.
1113 2247 1279 2294 Meum
1302 2249 1355 2295 in
1379 2262 1526 2294 usum
1551 2245 1763 2294 contulit
1787 2243 1903 2293 Pius

213 2320 428 2368 Franchi
458 2319 516 2367 de
550 2319 835 2369 Cavaleriis.

325 2394 541 2443 Transeo
575 2394 639 2440 ad
673 2390 996 2457 ‘eclogarios'.

327 2470 372 2516 9.
413 2467 894 2516 Vindobonensis
942 2469 1119 2530 philos.
1168 2471 1217 2516 et
1263 2468 1432 2529 philol.
1471 2466 1543 2515 IV
1577 2469 1643 2515 82
1696 2460 1790 2532 (=
1815 2459 1904 2532 Vi)

214 2557 338 2590 saec.
363 2541 481 2589 XIV
503 2542 588 2590 fol.
610 2543 691 2590 38.
726 2542 910 2590 Textus
936 2542 1140 2604 praebet
1163 2542 1461 2590 recensionis
1485 2541 1668 2589 mixtae
1693 2540 1904 2604 vestigia

214 2615 298 2663 sed
338 2618 487 2663 etiam
526 2631 701 2664 manus
741 2615 1005 2663 secundam
1046 2619 1096 2663 et
1134 2616 1358 2676 tertiam,
1406 2631 1532 2677 quae
1574 2614 1745 2663 eadem
1786 2630 1902 2675 pro—

214 2690 458 2738 theoriam
490 2706 515 2737 e
548 2690 712 2738 codice
743 2691 923 2751 prioris
957 2690 1176 2737 familiae
1208 2689 1438 2750 inseruit,
1479 2689 1792 2736 correctrices
1825 2703 1903 2736 ex-

214 2765 383 2824 pertus
416 2765 503 2812 est.
558 2763 684 2811 Vide
715 2766 750 2811 t.
776 2763 821 2809 V
852 2780 899 2825 p.
928 2765 1029 2811 169
1051 2779 1120 2825 sq.
1170 2762 1383 2811 Contuli.

329 2839 411 2885 10.
442 2837 824 2885 Matritensis
860 2837 1020 2898 4679,
1051 2837 1168 2884 olim
1192 2837 1346 2885 N-49
1377 2832 1472 2902 (=
1497 2830 1604 2902 Ma)
1636 2851 1758 2884 saec.
1783 2834 1904 2882 XIV

214 2910 297 2959 fol.
332 2912 378 2959 4.
443 2909 701 2959 Correctus
742 2912 815 2959 est
855 2927 1003 2958 manu
1044 2911 1256 2958 secunda
1297 2914 1346 2957 et
1386 2927 1442 2957 ex
1483 2910 1581 2957 alio
1621 2909 1807 2968 codice,
1847 2911 1901 2955 ut
