2014 3158
211 127 280 179 72
285 127 315 180 8
445 87 450 90 '
676 125 945 184 [LIBANII]
977 125 1371 170 DECLAMATIO
1403 126 1461 170 LI

205 268 396 330 primus
427 264 596 330 μελέτη
636 265 864 330 λιβανίου
894 267 1151 329 inscripsit
1183 267 1309 314 nihil
1340 266 1438 314 nisi
1477 266 1809 315 coniecturam
1841 268 1901 316 de

206 347 407 390 auctore
431 339 690 389 monodiae
715 355 865 402 quam
889 337 1230 406 ἀνεπίγραφον
1252 332 1472 402 Fepperit
1494 341 1666 390 fecisse
1690 341 1899 390 videtur.

319 414 481 463 Codex
520 431 638 463 vero
677 414 762 461 ille
803 414 889 476 qui
934 430 1084 475 unus,
1125 417 1183 462 ut
1220 415 1439 477 videtur,
1486 414 1770 463 monodiam
1809 415 1901 465 sub

204 489 405 538 Libanii
434 490 632 538 nomine
663 488 869 550 praebet
901 490 977 537 est
1129 489 1131 493 ’

117 576 201 614 ‘272
316 563 632 611 Parisinus
665 579 735 625 gr.
764 564 907 610 2720
933 558 1013 628 (=
1038 556 1103 628 P)
1136 563 1423 611 chartaceus
1463 564 1651 611 formae
1681 563 1791 610 folii
1823 563 1896 610 di-

204 639 360 686 versis
399 637 627 686 manibus
667 637 851 684 saeculi
882 636 974 684 XV
1007 638 1231 685 exeuntis
1263 637 1342 685 vel
1373 637 1491 684 XVI
1525 638 1746 685 ineuntis
1786 653 1898 684 exa-

204 714 344 759 ratus
377 711 495 759 olim
527 710 792 759 cardinalis
823 710 1064 758 Nicolai
1096 710 1423 775 Rodulphi,
1454 713 1514 758 ut
1545 711 1706 759 elucet
1736 726 1794 759 ex
1822 710 1896 759 in-

205 786 470 848 scriptione
502 785 612 833 folii
639 787 693 832 1:
724 784 816 832 No.
843 785 1013 832 XXX.
1047 788 1250 845 quartae
1280 787 1491 834 decimae
1516 778 1605 851 (sc.
1629 778 1898 851 capsae).¹)

204 858 257 908 ἐν
287 858 438 922 ταύτη
471 865 527 922 τῆ
560 859 713 923 βίβλω
744 855 1046 924 περιέχονται
1084 856 1412 922 ὑπομνήματα
1448 858 1677 923 διάφορα.
1718 855 1898 908 ἄτακτα

205 930 293 997 μὲν
318 930 540 996 ὠφέλιμα
564 930 653 993 ὃέε,
683 935 953 995 postquam
983 935 1037 980 in
1068 932 1420 982 bibliothecam
1443 933 1651 997 Regiam
1683 933 1899 994 transiit,

473 1003 588 1044 2088

127 1049 136 1055 ·
204 1037 434 1085 numeris.
471 1065 589 1118 »ᾗς-15
623 1034 1061 1085 ΟΙΟΙΟΟΟΟΟΠΙΙ
1091 1035 1374 1101 insignitus.
1403 1037 1510 1106 ,Est
1534 1037 1683 1085 codex
1707 1036 1896 1085 miscel-

203 1141 389 1190 laneus.
435 1141 621 1203 Incipit
642 1141 737 1189 fol.
766 1143 792 1188 1
823 1139 1100 1205 μενάνὸρου
1125 1137 1208 1188 καὶ
1233 1140 1545 1202 φιλιστίωνος
1576 1133 1898 1206 σύγκρισις.2)

202 1215 486 1263 Monodiam
511 1214 758 1263 antecedit
780 1216 833 1263 in
856 1214 976 1262 folio
997 1215 1092 1262 87V
1108 1213 1421 1276 παλαιφάτου
1438 1211 1545 1278 περὶ
1563 1219 1661 1262 τῶν
1678 1211 1897 1262 ἀπίστων

204 1290 429 1338 desinens
460 1289 515 1336 in
546 1288 666 1337 folio
696 1290 790 1336 95³⁷
817 1287 981 1337 verbis
1014 1287 1160 1337 αὐτῶ.
1193 1285 1246 1336 ἐκ
1275 1288 1462 1336 τούτων
1494 1279 1585 1336 οὖν
1611 1284 1636 1335 ὅ
1661 1292 1840 1351 μῦθος.
1852 1282 1895 1354 3)

318 1362 407 1411 Oui
425 1363 594 1411 statim
612 1363 665 1410 in
690 1362 859 1411 eodem
878 1362 1000 1410 folio
1021 1363 1115 1411 95γ
1131 1362 1350 1410 succedit
1375 1359 1580 1425 μελέτη
1605 1364 1658 1410 λι
1666 1362 1809 1426 βανί
1814 1379 1840 1410 ο
1850 1381 1895 1411 υ.

316 1438 499 1485 Textus
522 1439 576 1485 in
600 1438 885 1485 universum
903 1436 1102 1498 quidem
1126 1437 1249 1484 satis
1273 1436 1468 1499 integer
1493 1438 1580 1497 est,
1605 1435 1690 1484 sed
1705 1453 1753 1498 p.
1775 1437 1897 1496 736,

206 1514 233 1558 1
270 1511 514 1560 scholium
543 1511 757 1573 irrepsit.
819 1511 996 1558 Manus
1028 1510 1242 1559 secunda
1272 1525 1434 1573 pauca
1473 1510 1706 1571 correxit,
1744 1510 1895 1572 paulo

201 1586 347 1647 plura
378 1585 431 1633 in
461 1585 684 1649 margine
717 1584 916 1633 scholiis
951 1585 1229 1647 explicavit.

313 1659 513 1721 Nullus,
545 1659 679 1721 quod
710 1660 878 1721 sciam,
908 1660 1044 1707 locus
1077 1676 1102 1707 e
1133 1659 1366 1707 monodia
1398 1658 1630 1706 laudatus
1662 1660 1749 1706 est.

314 1733 510 1782 Primus
550 1749 576 1781 e
616 1733 782 1781 codice
821 1733 860 1779 P
899 1733 1087 1795 publici
1133 1733 1255 1781 iuris
1294 1733 1414 1781 fecit
1459 1731 1894 1781 Boissonadius

203 1807 385 1856 Anecd.
418 1825 489 1872 gr.
514 1807 539 1854 I
575 1807 879 1856 165—170.
934 1807 1047 1869 Ipse
1079 1806 1295 1855 codicem
1327 1807 1487 1854 denuo
1519 1806 1722 1856 contuli.

324 1968 365 2013 1)
397 1962 464 2007 cf.
496 1965 530 2006 t.
556 1962 598 2006 V
630 1978 673 2020 p.
703 1969 783 2007 171
819 1964 912 2007 not.
943 1968 982 2007 1.
1029 1963 1081 2006 In
1115 1963 1331 2021 catalogo
1363 1962 1679 2006 bibliothecae
1710 1961 1896 2006 Nicolai

202 2022 443 2080 Rodulphi
472 2021 619 2066 latine
650 2022 834 2066 reddito
860 2036 887 2065 a
911 2022 1275 2067 Montefalconio
1301 2021 1421 2066 Bibl.
1454 2022 1567 2066 bibl.
1593 2021 1636 2064 II
1658 2036 1704 2077 p.
1724 2025 1808 2065 770
1826 2035 1892 2076 sq.

203 2082 376 2126 frustra
409 2080 632 2137 quaesivi.

322 2143 367 2198 2)
399 2140 465 2185 cf.
510 2140 821 2195 Studemund,
869 2140 1114 2184 Menandri
1160 2143 1207 2184 et
1251 2140 1544 2184 Philistionis
1592 2139 1895 2196 comparati0‚

202 2199 302 2244 lnd.
333 2200 462 2244 lectt.
486 2199 676 2243 Vratisl.
713 2204 824 2244 1887
858 2215 902 2257 p.
929 2205 955 2242 4
974 2215 1039 2256 sq.

324 2261 366 2316 3)
400 2259 466 2304 Cf.
501 2258 678 2315 Vitelli,
713 2258 842 2302 Stud.
875 2259 975 2303 ital.
1010 2259 1060 2303 di
1090 2259 1201 2303 filol.
1235 2259 1367 2303 class.
1393 2258 1414 2302 Ι
1444 2274 1490 2315 p.
1517 2263 1616 2303 249.
