2044 3168
206 624 235 656 ³5

193 1069 234 1101 10

192 1513 233 1545 15

191 1958 234 1989 20

262 111 370 162 302
671 111 897 156 LIBANII
927 111 1316 156 DECLAMATIO
1349 111 1539 155 XXXIX

376 247 458 300 14.
501 248 692 310 Οὕτως
731 244 835 301 οὖν
873 248 1326 310 ὑποπεπτωκότος
1359 247 1492 315 ἐμοῦ
1525 257 1641 311 τοῖς
1673 258 1794 311 σοῖς
1822 252 1954 318 βου-

261 337 491 404 λεύμασι
530 335 620 388 καὶ
661 336 892 398 οὐδενὸς
931 336 1169 404 ἐμαυτὸν
1206 343 1504 399 ποιοῦντος
1542 338 1764 406 κύριον,
1817 337 1954 391 ἀλλὰ

261 425 349 476 σοὶ
388 425 611 477 πάντων
651 424 834 487 ἁπλῶς
871 427 1408 494 παρακεχωρηκότοςμ
1431 428 1514 487 τίς
1552 427 1699 478 αἰτία
1730 435 1830 479 τοῦ
1861 447 1953 479 κα-

261 518 362 565 λοῦ
409 514 610 566 τούτου
659 515 859 581 νόμους
915 516 971 566 τί
1020 515 1236 576 τούτοις
1290 515 1457 576 δίδως
1502 513 1956 582 ὑποπτεύεινὼς

260 598 373 653 ἔστι
414 621 495 664 τις
534 602 665 670 ἡμῖν
706 601 792 655 ἐπὶ
831 611 926 670 τῆς
972 605 1147 665 οἰκίας
1191 605 1429 671 πόλεμος
1477 604 1737 672 δεόμενος
1775 602 1953 667 ὀξείας

260 699 477 760 σφαγῆς
530 691 600 759 ἣν
655 693 739 744 δεῖ
792 697 1107 760 πεπρᾶχθαι
1160 695 1294 759 πρίν
1347 711 1471 744 τινα
1500 691 1730 744 ,εἰδέναι
1786 693 1954 756 διότι;

262 779 345 831 15.
385 776 501 832 ἀλλ’
548 782 597 832 εἰ
643 781 733 833 καὶ
778 783 851 848 μὴ
899 782 998 833 τὸν
1045 783 1220 848 νόμον
1265 782 1468 848 τιθείς,
1523 788 1630 833 νῦν
1678 801 1739 849 γε
1790 782 1951 850 ἡνίκα

257 868 527 937 τέθεικας,
568 866 789 937 ἔλεγξον
826 871 929 938 ,τὴν
968 869 1104 938 ἐμὴν
1135 871 1331 922 κακίαν
1368 868 1458 922 καὶ
1491 871 1587 932 τὰς
1627 871 1805 932 αἰτίας
1838 870 1952 939 ὅρι-

259 971 363 1010 σον
399 956 490 1010 καὶ
530 959 602 1026 μὴ
643 958 805 1010 δίδου
845 968 958 1020 τοῖς
996 960 1412 1027 περιεστηκόσιν
1460 959 1598 1011 ἄλλα
1637 960 1827 1021 ἄλλοις
1863 979 1951 1012 νο-

259 1048 446 1114 μίζειν.
503 1046 535 1114 ἢ
591 1047 693 1099 οὐκ
748 1047 851 1099 οἴει
905 1047 1118 1100 τούτων
1172 1048 1434 1114 πολλούς,
1490 1049 1619 1109 τοὺς
1669 1044 1770 1114 μὲν
1815 1049 1954 1115 πρὸς

260 1133 457 1187 ἑαυτὸν
497 1134 744 1204 ἕκαστον,
784 1139 913 1198 τοὺς
953 1134 1013 1189 δὲ
1052 1137 1188 1204 πρὸς
1228 1136 1516 1204 ἀλλήλους,
1557 1137 1734 1189 πολλὰ
1773 1145 1952 1189 τοιαῦ-

257 1244 323 1275 τα
363 1223 544 1292 λέγειν
587 1225 619 1277 ἃ
650 1225 753 1277 οὐκ
792 1227 862 1277 ἄν
899 1243 1031 1278 ποτε
1064 1224 1169 1293 ἐγὼ
1203 1223 1577 1293 φθεγξαίμηνς
1619 1225 1651 1278 ἃ
1683 1226 1789 1293 γὰρ
1823 1224 1953 1278 οὐδ’

258 1312 490 1365 ἀκοῦσαι
537 1315 807 1382 φορητόν,
854 1322 968 1376 πῶς
1015 1314 1085 1366 ὀὲν
1131 1321 1300 1366 ταῦτα
1348 1315 1523 1367 εἰπεῖν
1574 1314 1951 1384 ὑπομείναιμι;

257 1403 400 1470 πλὴν
455 1410 724 1455 τοσοῦτον
777 1401 883 1472 ἐρῶ
940 1403 1023 1456 ὅτι
1079 1404 1293 1456 τούτων
1348 1403 1400 1455 οἱ
1448 1399 1550 1471 μὲν
1601 1402 1814 1455 ἀδικεῖν
1860 1400 1952 1472 ἐμὲ

257 1492 543 1560 νομίζουσι
582 1491 672 1544 καὶ
712 1493 848 1559 πρὸς
886 1499 1086 1544 τοῦτον
1126 1492 1187 1545 σὲ
1224 1493 1322 1544 τὸν
1360 1493 1536 1560 νόμον
1559 1491 1951 1560 ,ἁμαρτάνοντα

259 1578 574 1649 ἐπηρκέναι,
620 1580 797 1648 ἕτεροι
845 1580 910 1633 δέ
944 1600 1006 1648 γε
1047 1586 1177 1643 ἴσως
1218 1580 1536 1633 ἀδικεῖσθαί
1577 1579 1646 1647 με’
1683 1594 1821 1648 φασι
1859 1578 1950 1633 καὶ

259 1670 557 1737 δυστυχεῖν
603 1670 693 1722 καὶ
741 1670 832 1722 διὰ
885 1677 1049 1722 τοῦτο
1099 1672 1422 1738 μισεῖσθαι.’
1464 1669 1546 1721 16.
1586 1670 1951 1738 παρελώμεθα

258 1766 369 1820 τῶν
407 1762 630 1810 πολλῶν
668 1759 762 1820 τὰς
799 1758 1065 1820 ὑπονοίας
1104 1759 1349 1819 εἰπόντες
1389 1759 1454 1809 τὰ
1486 1765 1587 1810 τοῦ
1619 1759 1816 1820 παιδὸς
1852 1776 1949 1811 πο,-·

260 1847 586 1915 νηρεύματα.
627 1845 744 1911 ἀλλ’
792 1847 892 1900 οὐκ
933 1846 1165 1909 ἐθέλεις;
1207 1847 1414 1899 οὐκοῦν
1456 1847 1616 1914 ἱκανή
1654 1867 1746 1912 μοι
1785 1855 1950 1899 τοῦτο

260 1935 549 2003 ἀπολογίας
595 1934 686 1988 καὶ
727 1936 819 1988 διὰ
859 1936 1020 1988 τοῦτό
1067 1955 1128 2004 γε
1175 1936 1280 2003 ἤδη
1327 1942 1427 1987 τοῦ
1468 1937 1642 2002 νόμου
1694 1934 1950 2003 κειμένου

378 2131 402 2169 2
437 2127 635 2181 ἐμαυτοῦ
660 2126 798 2170 HMo
874 2125 1107 2181 scriptura
1137 2125 1187 2167 in
1214 2126 1273 2170 Or
1303 2124 1503 2178 incerta,
1543 2125 1598 2167 ut
1626 2125 1675 2167 in
1717 2124 1949 2179 sequenti—

259 2186 344 2228 bus
378 2199 571 2240 quorum
604 2199 662 2228 ne
693 2185 797 2228 finis
830 2185 1020 2239 quidem
1053 2185 1130 2239 qui
1165 2184 1214 2226 in
1244 2184 1356 2228 folio
1384 2189 1457 2227 '75r
1487 2183 1631 2227 fuerit
1668 2183 1761 2227 dici
1793 2185 1948 2239 pobest

377 2249 404 2286 4
437 2243 523 2299 γὰρ
555 2246 662 2299 post
693 2242 737 2287 τί
761 2245 806 2287 Β
943 2250 968 2288 5
1000 2242 1069 2294 τίς
1093 2244 1324 2287 ΗΜοΜα
1351 2246 1357 2299 Ι
1384 2248 1466 2299 τῆς
1498 2256 1573 2285 om
1602 2244 1685 2286 Mo
1822 2248 1847 2285 6
1880 2240 1942 2286 δι’

261 2301 328 2347 ὅτι
353 2304 411 2347 H
466 2304 596 2346 διατί
616 2302 750 2347 Lam·
871 2307 893 2345 7
928 2302 988 2359 μὴ
1021 2303 1099 2346 καὶ
1127 2303 1215 2346 Ma
1247 2303 1328 2345 sed
1360 2301 1420 2358 μὴ
1454 2301 1530 2344 del
1563 2304 1610 2345 et
1642 2301 1716 2345 ὅτε
1749 2301 1808 2357 μὴ
1840 2305 1948 2358 post

258 2363 339 2406 καὶ
362 2362 487 2409 inser
510 2361 592 2415 m2,
613 2361 897 2406 ClMLaurI
914 2362 1015 2405 Mor
1043 2365 1048 2417 Ι
1075 2360 1225 2412 τιθείς
1251 2363 1339 2405 Μα
1363 2361 1444 2404 sed
1469 2362 1517 2403 in
1551 2358 1723 2411 ἐτίθεις
1754 2374 1856 2404 corr
1878 2360 1949 2403 m²

378 2426 403 2464 9
437 2418 537 2464 ἄλλ’
567 2422 651 2464 Mo
774 2426 827 2463 12
860 2421 944 2464 οὐκ
963 2422 1101 2465 ΗΜΘ
1224 2426 1277 2464 14
1310 2420 1448 2493 πλὴν]
1469 2422 1617 2469 πῶςΙ
1732 2425 1785 2462 15
1818 2418 1947 2475 νομί-

259 2483 414 2533 ζουσιν
431 2481 460 2522 1
486 2482 492 2535 Ι
519 2481 596 2524 καὶ
625 2506 679 2512 -
708 2484 761 2522 16
796 2478 1044 2535 ἐπηρκέναι
1070 2494 1143 2523 om
1162 2481 1195 2522 I
1217 2484 1221 2537 Ι
1251 2479 1578 2534 ἁμαρτανοντα
1601 2480 1688 2522 Ma
1714 2479 1795 2522 sed
1820 2496 1875 2528 ας
1898 2479 1947 2521 in

258 2554 391 2597 marg
428 2541 498 2581 m²
574 2537 923 2595 ἁμαρτάνοντος
956 2541 1017 2583 Μ
1159 2543 1211 2581 16
1252 2535 1501 2595 ἐπηρκέναι
1543 2537 1706 2593 scripsi
1781 2536 1947 2593 ἡκέναι

258 2598 367 2642 libri
399 2598 490 2640 edd
523 2598 603 2640 sed
639 2598 840 2654 „videtur
871 2599 950 2655 leq.
984 2599 1063 2641 καὶ
1095 2599 1210 2652 πρὸς
1239 2597 1373 2651 τοῦτό
1414 2611 1462 2640 σε
1495 2594 1722 2654 βλέποντα
1754 2596 1946 2649 τὸννό-

259 2674 346 2712 μον
380 2657 492 2715 ὀργῇ
525 2655 853 2711 ἁμαρτάνοντα
884 2656 1173 2700 τεθεικέναι“
1209 2657 1276 2700 Re
1339 2654 1564 2712 ἐφηκέναι
1594 2654 1756 2699 Iacobs
1789 2655 1901 2698 Lect
1936 2673 1939 2712 Ι

258 2733 308 2773 γε
342 2730 418 2760 om
444 2714 624 2760 MaClI
667 2719 672 2771 Ι
722 2731 775 2770 με
808 2729 882 2758 om
910 2715 961 2759 Ol
1021 2716 1145 2759 inser
1172 2716 1282 2759 Ma3
1404 2719 1456 2758 17
1491 2717 1692 2770 δυστυχῆ
1717 2716 1751 2757 Ι
1794 2717 1800 2770 Ι
1843 2716 1944 2757 δια-

257 2782 393 2819 τοῦτο
428 2775 613 2819 ΗΜοΒ
766 2778 820 2817 18
863 2774 946 2825 τὰς
987 2781 1078 2818 τῶν
1122 2777 1299 2818 πολλῶν
1343 2772 1569 2823 ὑπονοίας
1600 2776 1635 2817 Ι
1677 2778 1682 2828 Ι
1734 2770 1945 2822 εἰπόντος

260 2841 342 2877 σοῦ
373 2833 430 2877 τὰ
455 2834 542 2877 ’ΜΟ
574 2833 640 2876 Re
786 2837 839 2875 19
873 2831 1020 2877 οὐκᾶν
1045 2835 1079 2876 Ι
1115 2835 1119 2889 Ι
1162 2833 1336 2877 τούτων
1369 2834 1414 2876 Β
1561 2836 1615 2875 20
1649 2829 1864 2888 διατοῠτό
1893 2833 1951 2875 Η

261 2894 437 2937 ΜοΜα
