2020 3146
97 116 286 161 AVARI
318 115 394 160 OB
420 115 622 160 TALEN
626 115 757 160 TUM
780 114 1153 161 AESCULAPIO
1178 116 1392 162 VOTUM
1416 117 1612 163 ABDIC.
1681 118 1784 171 127

89 251 219 306 κατ’
274 253 479 321 ἄλλην
524 253 645 322 γὰρ
694 253 1146 321 δαιμονίζεται
1193 253 1411 323 τύχην.
1466 255 1788 323 πολύτροπα

88 343 193 412 γὰρ
239 343 306 395 τὰ
348 343 679 411 πταίσματα,
727 340 947 411 ἐκείμην
994 340 1087 395 καὶ
1126 342 1293 405 αὐτὸς
1330 343 1538 410 ταύτην
1576 341 1788 396 ἐννοῶν

87 432 190 500 τὴν
227 431 414 500 τύχην.
454 436 587 484 εἴπω
626 450 697 499 τι,
736 431 1035 500 βούλεσθε,
1074 440 1187 484 τῶν
1226 431 1575 502 ἀπορρήτων;
1622 430 1792 502 ἔφερέ

88 540 183 589 μοι
221 519 312 574 καὶ
351 519 546 588 κέρδος
584 519 618 587 ἡ
657 521 835 583 νόσος.
891 519 958 573 οὐ
1005 521 1110 590 γὰρ
1158 521 1236 583 εἰς
1281 521 1452 591 κόρον
1491 519 1786 574 ἐδείπνουν

89 607 221 663 οὐδὲ
259 609 542 672 παντοίοις
580 609 740 672 ὄψοις
778 607 1031 678 ἐχρώμην
1079 608 1195 661 οὐδ’
1245 608 1565 662 ἀναλίσκειν
1603 608 1784 679 ἐχρῆν.

89 700 175 753 20.
215 701 271 752 τί
308 700 393 752 δεῖ
430 698 496 751 τὰ
534 697 710 750 πολλὰ
751 696 957 767 λέγειν;
1003 702 1156 750 θεῶν
1204 698 1420 767 δωρεὰν
1465 699 1567 767 τὴν
1612 700 1786 751 νόσον

88 788 494 855 ὑπελάμβανον.
549 785 724 855 ἐβόων
769 783 885 838 κατ’
933 785 1173 854 ἐμαυτὸν
1218 786 1502 850 πολλάκις·
1567 788 1681 840 εὐδ
1691 808 1786 840 αι-

88 875 475 947 μονέστεροι
521 884 648 928 τῶν
694 874 1138 942 ὑγιαινόντων
1186 876 1250 929 οἱ
1297 876 1671 943 κάμνοντες.
1726 878 1786 930 οἱ

87 963 203 1036 μὲν
249 966 368 1034 γὰρ
415 973 556 1027 ταῖς
602 963 874 1032 ἀγοραῖς
912 964 1482 1035 παραβάλλουσιν,
1538 966 1785 1019 ὠνοῦν-

87 1067 193 1108 ται
232 1053 499 1122 πλέονα,
532 1052 653 1121 ἐγὼ
690 1053 760 1106 δὲ
799 1058 972 1106 οἴκοι
1012 1052 1180 1120 με’νω
1222 1051 1421 1107 οὐδὲν
1459 1053 1560 1107 ὑπ’
1598 1055 1777 1108 οὐδε-

87 1144 201 1207 νὸς
262 1141 773 1213 ἐνοχλούμενος,
843 1141 1033 1210 ὀλίγα
1094 1147 1519 1213 προσομιλῶν
1578 1146 1786 1213 μόνον

87 1242 223 1295 τοῖς
286 1231 628 1299 δεομένοις
688 1234 982 1301 χρυσίου.
1044 1233 1176 1300 μίαν
1231 1228 1383 1301 εἶχον
1438 1235 1786 1303 φιλονεικίαν

87 1320 172 1375 ἀεὶ
205 1320 489 1374 ἐπιθεῖναί
514 1340 567 1373 τι
597 1319 769 1374 πλέον
801 1319 1236 1390 [ἐφιλονείκουν]
1269 1327 1345 1393 τῷ
1376 1324 1533 1394 τόκῳ.
1580 1322 1667 1375 21.
1700 1321 1786 1376 ἐν-

84 1415 290 1463 τεῦθεν
337 1410 389 1462 οἱ
435 1411 759 1479 προσιόντες
808 1413 1108 1463 λυπεῖσθαι
1154 1409 1332 1479 μάτην
1382 1430 1496 1474 πως
1551 1411 1787 1465 ἐδόκουν

88 1498 208 1568 ἐμοὶ
247 1498 583 1567 ἀγνοοῦντες
621 1499 682 1551 τὸ
724 1497 782 1551 ἐκ
819 1499 1023 1552 τούτου
1062 1498 1257 1568 κέρδος
1290 1499 1436 1569 ἡμῖν.
1478 1499 1784 1569 ἐφθέγγετό

209 1635 230 1673 1
265 1629 460 1673 Philam.
494 1643 609 1674 com.
634 1629 699 1673 IV
723 1634 793 1686 62,
815 1633 898 1674 198
915 1629 962 1673 M
996 1629 1055 1687 (11
1079 1634 1179 1685 530,
1199 1635 1282 1675 191
1301 1630 1360 1688 Κ)

87 1749 179 1794 cdd
228 1751 235 1806 Ι
285 1746 383 1793 ἀλλ’
421 1750 531 1793 anre
571 1748 706 1798 ἄλλος
736 1747 896 1792 Macar
944 1748 951 1807 Ι
1001 1747 1135 1799 ἄλλος
1159 1775 1215 1782 -
1243 1754 1387 1804 127,2
1427 1747 1692 1808 πταίσματα
1725 1751 1786 1794 ad

86 1822 244 1853 versus
278 1808 545 1852 comoediae
570 1808 757 1852 Atticae
789 1807 925 1860 ἄλλος
947 1804 1053 1851 κατ’
1082 1807 1224 1866 ἄλλην
1255 1808 1343 1866 γὰρ
1367 1808 1596 1866 μερίζεται
1618 1810 1783 1867 τύχην·

85 1870 110 1970 {f
144 1867 416 1971 affl-&vomet
459 1867 547 1924 γὰρ
590 1866 646 1911 τὰ
689 1864 936 1923 πταίσματ’
985 1867 1238 1912 revocabat
1276 1867 1481 1912 Kockius
1522 1866 1645 1913 Com.
1686 1871 1782 1913 Att.

105 1942 140 1971 1¹.
255 1931 339 1970 673

209 1991 231 2029 1
266 1985 500 2043 κατάλλην
522 1987 596 2030 La
624 1988 630 2041 Ι
659 1985 747 2043 γὰρ
773 1999 850 2029 om
873 1985 1034 2030 Macar
1060 1986 1066 2045 Ι
1095 1985 1413 2043 δαιμονίζεται
1437 1987 1601 2044 scripsi
1626 2001 1651 2031 e
1674 1987 1784 2031 Phi-

87 2045 272 2089 lemone
333 2044 561 2102 μερίζεται
592 2045 702 2089 libri
735 2045 827 2088 edd.
887 2044 1149 2102 χειμάζεται
1165 2046 1333 2090 Nauck
1349 2046 1590 2104 Mclangcs
1617 2046 1783 2092 Grcco-

87 2105 218 2149 Rom.
244 2103 287 2147 V
311 2109 396 2148 239
520 2109 545 2148 3
577 2103 620 2148 τί
646 2105 950 2149 HVVaLaB
983 2104 1074 2149 edd
1102 2105 1108 2161 Ι
1137 2103 1274 2161 ἔφερέ
1297 2132 1353 2138 ——
1379 2110 1405 2149 5
1438 2106 1578 2180 ἐχρῆν
1602 2107 1662 2150 ad
1686 2120 1784 2150 ver-

89 2178 165 2208 sus
198 2164 468 2208 comoediae
499 2164 686 2208 Atticae
720 2161 818 2207 ἀλλ’
848 2162 987 2220 ἔφερέ
1017 2180 1096 2220 μοι
1127 2165 1206 2208 καὶ
1237 2162 1402 2218 κέρδος
1432 2165 1461 2221 ἡ
1486 2179 1642 2216 νοσος·
1675 2165 1784 2210 οὔτε

87 2222 175 2280 γὰρ
211 2226 218 2280 Ι
254 2224 320 2274 εἰς
350 2221 493 2279 κόρον
525 2222 772 2267 ἐδείπνουν
805 2222 910 2267 οὔτε
940 2221 1182 2274 παντοίοις
1212 2221 1314 2268 τότε
1355 2226 1362 2282 Ι
1404 2223 1544 2281 ὄψοις
1576 2224 1784 2283 ἐχρώμην

88 2279 192 2326 οὐδ’
222 2280 491 2327 ἀναλίσκειν
522 2283 661 2340 ἐχρῆν
686 2282 937 2326 revocabat
962 2282 1167 2326 Kockius
1192 2282 1223 2326 1.
1247 2283 1276 2326 1.
1402 2288 1428 2327 6
1459 2283 1516 2327 τὰ
1546 2298 1622 2328 om
1647 2284 1708 2328 M
1716 2286 1784 2330 Va

87 2341 200 2385 Fcrr
223 2343 269 2385 ct
301 2359 354 2398 γρ
386 2342 435 2385 in
466 2355 601 2399 marg
632 2341 735 2384 Mor
864 2346 887 2384 7
922 2341 1250 2400 ὑπελάμβανον
1282 2342 1447 2398 scripsi
1478 2356 1534 2386 cx
1558 2344 1614 2387 H
1621 2344 1783 2388 VLaB

89 2402 136 2444 et
167 2418 220 2457 γρ
261 2400 310 2444 in
342 2416 476 2458 marg
506 2401 611 2444 Mor
686 2398 896 2456 ἐνόμιζον
922 2403 983 2445 M
989 2401 1059 2444 Va
1101 2401 1192 2444 cdd
1268 2401 1501 2457 scriptura.
1538 2402 1587 2446 in
1622 2402 1683 2448 Cr
1712 2401 1784 2446 in-

88 2462 213 2503 certa
356 2465 381 2503 9
425 2458 800 2518 παραβάλλοντες
831 2460 939 2504 HV
1007 2459 1238 2516 scriptura
1276 2461 1326 2504 in
1365 2461 1643 2506 Cr·incerta

93 2522 147 2562 10
180 2515 226 2562 δ’
255 2520 331 2562 La
358 2521 364 2575 Ι
393 2517 543 2575 μένων
569 2519 631 2562 Μ
659 2519 741 2562 sed
774 2521 872 2575 ν(2)
905 2532 1006 2563 cras
1129 2524 1183 2563 13
1217 2517 1432 2565 ἐκθεῖναί
1463 2521 1566 2565 Mor
1592 2523 1598 2576 1
1628 2520 1782 2577 ἐφιλο-

91 2575 277 2622 νείκουν
302 2580 357 2622 H
364 2579 525 2623 VLaB
588 2592 663 2621 om
691 2579 752 2621 M
759 2578 828 2622 Va
852 2578 943 2621 edd
1006 2579 1237 2635 scriptura,
1267 2579 1317 2622 in
1344 2580 1404 2624 Or
1433 2579 1613 2623 incerta
1675 2593 1782 2624 can-

88 2635 253 2680 cellavi
399 2643 453 2680 14
497 2635 718 2687 εἰσιόντες
758 2638 867 2693 post
902 2637 1172 2692 προσιόντες
1205 2639 1262 2682 H
1268 2639 1508 2683 VVaLaB
1549 2641 1596 2683 eb
1637 2656 1692 2697 γρ
1732 2639 1782 2682 in

94 2708 229 2752 marg
258 2695 361 2740 Mor
421 2711 497 2740 om
524 2697 585 2740 M
612 2696 704 2739 edd
765 2696 996 2752 scriptura
1026 2697 1076 2739 in
1103 2698 1163 2742 Cr
1193 2698 1374 2741 incerta
1408 2700 1414 2754 Ι
1450 2700 1783 2743 συλλυπεῖσθαι

92 2755 155 2799 Μ
177 2757 183 2810 Ι
211 2753 361 2811 μάτην
392 2755 567 2799 inserui
629 2769 703 2799 om
735 2754 845 2798 libri
878 2755 968 2798 edd
1002 2756 1082 2799 sed
1111 2756 1241 2812 „fort
1269 2755 1417 2813 μάτην
1442 2772 1540 2808 πως
1562 2763 1644 2801 aut
1674 2774 1781 2813 την-

89 2812 257 2864 άλλως“
294 2814 361 2858 Re
389 2816 396 2871 Ι
422 2821 520 2865 πῶς
544 2815 620 2858 La
750 2818 803 2856 15
835 2831 890 2870 γρ
921 2822 1003 2858 τοῦ
1036 2813 1232 2870 κέρδους
1262 2816 1312 2858 in
1343 2828 1477 2872 marg
1508 2816 1610 2859 Mor
1645 2830 1781 2872 „num

87 2869 139 2916 τὸ
173 2872 336 2976 ἐκντοῦ
368 2871 564 2929 κέρδους
594 2872 685 2929 ἡδὺ
717 2873 768 2916 id
792 2879 854 2918 est
880 2873 928 2918 ἐκ
952 2881 1034 2917 τοῦ
1059 2871 1255 2929 κέρδους
1277 2873 1513 2931 ἡδονήνὲ“
1549 2875 1617 2918 Re
1644 2877 1650 2931 Ι
1676 2875 1780 2918 τού-

87 2947 179 2974 των
251 2946 281 2975 α
1707 2952 1709 2955 ⁴

1812 1078 1855 1113 10

1810 1524 1854 1558 16
