2044 3168
236 104 344 157 250
635 103 864 147 LIBANII
894 102 1287 148 DEGLAMATIO
1319 102 1533 148 XXXVII

233 240 350 309 μὲν
404 240 566 309 ἡμᾶς
619 238 687 292 ἐκ
741 246 852 307 τῆς
907 239 1204 308 ἀνδρίας,
1258 240 1524 307 μείζονα
1579 237 1627 292 δ’
1682 237 1747 293 ἐκ
1801 248 1929 293 τῶν

233 330 555 398 αἰτήσεων
587 329 839 397 ὤνησας
877 329 1202 396 τοσαύτην
1239 330 1629 397 προσθήκην
1668 328 1929 398 ἀνδρῶν

232 428 374 481 ταῖς
403 427 515 487 τῆς
545 417 791 479 πόλεως
822 419 1319 486 παρασχόμενος
1359 417 1623 486 χρείαις.
1664 417 1776 480 οὓς
1807 417 1925 485 γὰρ

233 507 652 575 ἀπατώμενος
691 507 719 560 ὁ
752 514 872 568 πᾶς
911 507 1154 573 ἤλαυνε
1187 506 1411 574 δῆμος,
1444 507 1643 574 μόνος
1673 516 1928 574 σωφρο-

189 619 209 650 5
235 606 364 650 νῶν
405 595 809 664 ἐπανήγαγες
849 595 954 648 καὶ
994 602 1116 646 νῦν
1147 597 1376 663 τρίτην
1408 607 1511 647 σοι
1543 596 1735 663 χάριν
1766 591 1926 663 ὑπὲρ

231 687 452 755 τρίτης
507 685 864 754 ὀφείλομεν
919 683 1269 752 ἀριστείας.
1332 684 1578 736 οὐκοῦν
1635 686 1928 755 χρήματα

231 774 412 828 αἴτει.
468 773 768 827 ἀτέλειαν
823 773 1125 840 λάμβανε.
1185 773 1258 824 τὰ
1311 772 1770 842 χρησιμώτατοί
1824 787 1928 826 σοι

231 865 465 917 λοιπὸν
519 865 748 917 σκόπει
802 871 910 931 τῆς
956 865 1206 924 πόλεως
1253 863 1439 931 δῶρα.
1495 866 1771 915 πλουτεῖ
1819 863 1928 915 διὰ

231 950 298 1006 σὲ
338 953 650 1022 σωμάτων
692 952 955 1020 ἡπόλις.
996 954 1355 1004 πλουτείτω
1389 964 1494 1004 σοι
1532 955 1781 1020 μᾶλλον
1819 949 1926 1004 καὶ

158 1063 207 1095 -ιο
231 1040 311 1094 δι’
371 1042 549 1111 ἡμῶν
602 1041 947 1110 χρημάτων
1001 1039 1030 1092 ὁ
1087 1036 1279 1103 οἶκος.
1346 1039 1429 1093 19.
1480 1038 1585 1108 ἐγὼ
1641 1040 1702 1094 δὲ
1755 1047 1926 1092 ταῦτα

138 1136 361 1180 R1V546
414 1129 419 1202 Ι
462 1129 552 1184 καὶ
592 1131 760 1183 πάλαι
793 1139 1018 1182 σκοπῶν
1050 1130 1139 1182 καὶ
1170 1131 1291 1182 τότε
1325 1129 1563 1192 ἀκούσας
1595 1126 1763 1182 οὐδὲν
1793 1134 1927 1198 μᾶλ-

223 1224 330 1273 ,λον
367 1227 463 1289 τῆς
503 1218 633 1289 ἐμῆς
673 1217 998 1289 ἐφρόντιζον
1046 1220 1220 1281 οἰκίας
1260 1215 1379 1272 οὐδ’
1427 1219 1573 1281 ὅπως
1614 1218 1784 1272 πλέον
1823 1217 1924 1281 ἔξω

227 1329 280 1361 τι
326 1309 717 1378 προύνοήθην,
766 1305 882 1360 ἀλλ’
930 1307 1207 1376 ἀρκοῦντα
1252 1312 1495 1360 πλοῦτον
1543 1310 1780 1376 νομίζων
1823 1307 1925 1360 ὅσα

228 1418 322 1466 μοι
360 1398 496 1467 τύχη
537 1398 724 1451 δικαία
762 1396 852 1451 καὶ
885 1399 1179 1466 προγόνων
1210 1398 1440 1464 εὔλογος
1471 1396 1676 1450 δέδωκε
1707 1401 1923 1466 κλῆρος,

160 1509 202 1541 15
227 1495 397 1540 ταῦτα
434 1483 538 1554 μὲν
575 1485 667 1540 καὶ
705 1488 772 1540 τὰ
809 1494 1037 1540 τοιαῦτα
1077 1486 1365 1553 διέπτυον,
1412 1488 1473 1539 τὸ
1522 1483 1582 1538 δὲ
1629 1490 1821 1539 λεῖπον
1859 1493 1923 1555 τῇ

229 1584 387 1646 κοινῇ
426 1583 522 1646 τῆς
559 1578 768 1638 πόλεως
807 1576 1134 1646 εὐδαιμονίᾳ
1174 1578 1346 1644 ζητῶν
1385 1585 1496 1628 τῶν
1536 1576 1755 1644 δεσμῶν
1792 1576 1924 1637 τοὺς

226 1666 374 1733 παρὰ
420 1666 481 1718 τὸ
529 1670 728 1734 οἴκημα
774 1669 1259 1735 ταλαιπωροῦντας
1308 1663 1494 1733 ἀφῆκα
1541 1663 1608 1716 οὐ
1654 1665 1750 1725 τὰς
1789 1662 1922 1716 ἐκεί-

227 1775 342 1807 νων
381 1753 784 1823 ἀποδεξάμενος
822 1753 1044 1824 πράξεις
1084 1753 1217 1806 οὐδὲ
1249 1755 1604 1822 δορυφόρους
1641 1749 1786 1821 ἔχειν
1825 1753 1922 1804 αὐ-

227 1845 355 1906 τοὺς
395 1843 483 1896 ε’πὶ
521 1851 617 1911 τῆς
655 1847 824 1911 καλῆς
861 1843 1192 1912 τυραννίδος
1233 1841 1463 1905 ἐλπίζων
1503 1841 1641 1894 ἀλλὰ
1681 1850 1920 1909 σκοπῶν,

158 1954 202 1986 20
226 1931 359 1998 ὅπερ
393 1934 553 2000 εἰκός,
594 1933 667 1994 ὡς
699 1932 914 2000 πονηρὰ
946 1931 1115 1999 φύσις
1148 1930 1479 1983 ἀνελπίστου
1514 1937 1757 1999 τυχοῦσα
1789 1944 1921 1997 συγ-

345 2158 366 2195 1
401 2153 452 2196 ἐκ
483 2158 565 2208 τῆς
595 2150 818 2207 ἀνδρείας
848 2153 969 2210 ἡμᾶς
993 2153 1095 2197 ACl
1136 2155 1142 2209 Ι
1193 2152 1313 2209 ἡμᾶς
1342 2152 1469 2195 inser
1502 2151 1593 2197 Va²
1654 2151 1774 2208 ὑμᾶς
1805 2151 1873 2196 Re
1884 2151 1914 2225 Ι

225 2210 445 2265 ἀνδρείας
469 2213 525 2256 H
534 2212 690 2256 ViAOl
714 2212 806 2256 edd
834 2217 838 2264 Ι
868 2212 919 2256 δὲ
945 2214 998 2257 ῘῙί
1119 2217 1144 2255 2
1179 2210 1473 2265 ἀπαιτήσεων
1498 2213 1543 2256 A
1663 2216 1688 2254 3
1721 2209 1918 2269 παρεχό-

224 2285 361 2326 μενος
393 2271 451 2315 Vi
571 2277 596 2313 5
629 2269 756 2326 τρίτη
786 2272 838 2316 Ol
864 2271 869 2328 Ι
900 2285 980 2315 σου
1006 2273 1050 2315 Α
1173 2275 1198 2314 6
1235 2269 1481 2327 ὀφείλομεν
1514 2284 1588 2314 om
1613 2272 1669 2315 H
1786 2275 1811 2315 9
1845 2285 1917 2315 σοι

224 2329 390 2386 scripsi
422 2343 478 2373 ex
501 2330 557 2373 H
565 2331 621 2375 Vi
682 2343 764 2374 σου
789 2331 1087 2375 AOZBVaM
1114 2330 1206 2373 edd
1240 2331 1246 2387 Ι
1282 2345 1423 2386 „num
1455 2330 1534 2386 leq.
1569 2327 1740 2385 μᾶλλόν
1770 2346 1814 2373 τι
1846 2327 1914 2373 δι’

221 2387 401 2444 ἡμᾶςὲ“
434 2389 501 2432 Re
624 2393 678 2433 10
711 2389 762 2433 δὲ
794 2403 870 2432 om
894 2392 939 2434 A
1063 2395 1116 2433 12
1150 2389 1260 2434 οὐδὲ
1284 2389 1578 2435 ΑΟΖΒῩαΜ
1604 2389 1696 2432 edd
1722 2390 1729 2446 Ι
1758 2387 1840 2441 ἔξω
1871 2406 1916 2432 τι

220 2446 361 2491 πλέον
386 2448 487 2493 AOl
609 2453 662 2492 13
696 2446 739 2492 τί
765 2448 942 2493 HViCl
968 2451 975 2506 Ι
1002 2457 1185 2502 πρῶτον
1210 2450 1268 2492 Μ
1389 2452 1444 2491 14
1475 2450 1640 2503 κλῆρος
1672 2447 1844 2492 δέδωκε
1868 2450 1915 2493 A

223 2507 285 2549 M
404 2511 457 2550 15
490 2507 547 2549 τὰ
572 2521 647 2551 om
674 2508 731 2551 Vi
758 2510 763 2563 Ι
792 2506 1015 2563 ἀπέλεγον
1044 2509 1095 2553 Oc
1157 2509 1311 2564 ἔλεγον
1335 2507 1382 2552 A
1504 2511 1558 2550 16
1592 2509 1835 2563 δεσμωτῶν
1857 2508 1916 2552 Vi

341 2570 393 2609 17
426 2566 533 2621 περὶ
556 2567 601 2610 A
732 2570 786 2609 18
819 2567 989 2618 αὐτοὺς
1020 2581 1095 2610 om
1119 2568 1169 2611 R
1291 2571 1347 2609 20
1378 2565 1564 2638 πονηρὰ
1589 2592 1643 2597 -
1670 2570 1770 2619 251,
1788 2571 1813 2608 2
1846 2582 1912 2608 τι-

220 2624 457 2680 μήσαντας
498 2625 766 2682 praemissis
808 2626 961 2670 verbis
1002 2631 1086 2682 τῆς
1126 2624 1311 2682 μελέτης
1350 2625 1400 2670 ἐν
1431 2619 1460 2682 ᾗ
1500 2625 1718 2674 πλούσιος
1755 2623 1913 2698 τρίτον

220 2684 490 2738 ἀριστεύσας
521 2685 600 2728 καὶ
633 2686 877 2740 δεσμωτῶν
916 2684 1221 2740 αἰτησάμενος
1257 2684 1388 2729 λύσιν
1427 2670 1680 2734 ἐπιθέσεως
1709 2684 1800 2728 υπὸ
1832 2681 1910 2740 ρή-

217 2758 352 2797 τορος
382 2741 590 2797 κρίνεται
620 2742 901 2797 τυραννίδος
931 2745 1010 2787 καὶ
1042 2744 1340 2800 ἀπολογεῖται
1369 2743 1486 2786 citat
1508 2741 1742 2786 Macarius
1768 2742 1911 2798 Chry·

219 2801 493 2857 socephalus
525 2802 604 2846 fol.
631 2806 711 2846 86v
740 2805 746 2858 Ι
773 2802 801 2858 ἡ
835 2804 944 2846 ante
975 2802 1162 2859 πονηρὰ
1193 2802 1351 2846 Macar
1393 2804 1398 2858 Ι
1447 2801 1633 2857 πονηρὰ
1665 2802 1802 2857 φύσις
1833 2815 1909 2845 om

220 2861 322 2905 AGl
345 2862 353 2917 Ι
379 2862 531 2919 τυχὼν
562 2859 631 2911 τίς
654 2863 699 2905 A
760 2863 909 2919 τυχών
942 2878 1010 2912 τις
1036 2862 1089 2906 Ol
