2044 3168
0 0 23 91 ,,

99 77 390 123 PAUPERIS
420 77 540 123 PRO
573 77 797 123 PATRIA
828 78 983 124 MORI
1013 77 1327 123 CUPIENTIS
1360 76 1585 122 ORATIO
1682 77 1785 130 199

96 217 194 283 βεν
232 213 299 267 ὃν
338 212 552 284 ᾔτησεν.
600 213 703 286 ὁρᾷ
738 214 745 284 Ι
779 215 882 283 γὰρ
932 219 1211 268 τεθνεῶτα
1257 214 1356 267 τὸν
1403 213 1609 284 ἐχθρὸν
1656 218 1776 263 RIV
1793 223 1878 264 238

95 303 195 357 τὸν
235 301 448 356 ἑαυτοῦ.
487 302 578 357 καὶ
618 306 674 357 τί
709 304 780 357 ἂν
821 305 1000 372 ζητοίη
1042 302 1233 372 πλέον,

207 391 294 445 31.
340 390 500 459 Ἀλλ’,
557 387 598 445 ὦ
645 391 892 461 βέλτιστε
946 390 1036 446 καὶ
1093 393 1295 460 στήσας
1342 389 1430 444 ἀπ’
1488 390 1620 459 ἐμοῦ
1667 394 1791 459 τρό-

96 499 286 548 παιον,
327 481 564 545 ἀναστὰς
604 482 850 535 ἐνταῦθα
896 501 990 551 μοι
1028 481 1252 534 πάντων
1302 480 1622 534 ἀκουόντων
1662 480 1791 550 ὁμο-

96 572 335 639 λόγησον
374 567 406 639 ἦ
446 572 557 640 μὴν
597 570 730 638 ἐμοῦ
769 573 996 633 πιόντος
1033 570 1094 623 τὸ
1133 571 1366 623 κώνειον
1406 570 1582 632 εὐθὺς
1613 575 1789 624 οἴσειν
1835 592 1854 625 5

94 659 190 722 τὰς
228 659 452 729 τροφάς.
508 658 730 713 δέδοικα
769 660 900 728 γάρ,
948 656 990 712 ὦ
1030 660 1232 728 βουλή,
1280 659 1502 713 δέδοικα
1541 659 1613 728 μὴ
1653 657 1787 727 ἐμοῦ

94 747 348 815 κειμένου
388 752 659 819 ζυγομαχῇ
699 749 839 819 πρὸς
877 749 1017 817 ὑμᾶς
1049 744 1211 811 οὗτος
1243 749 1316 811 ὡς
1348 745 1515 802 οὐδὲν
1548 747 1788 818 ὀφείλων

94 846 159 908 τῇ
198 840 375 891 πόλει·
416 838 482 891 οὐ
523 839 627 907 γὰρ
669 839 895 907 αἰτήσας
932 846 1133 907 τυχεῖν.
1204 838 1290 890 32.
1331 837 1469 891 ἀλλὰ
1506 838 1605 907 μή,
1651 837 1789 906 πρὸς

94 932 262 994 θεῶν,
303 924 344 980 ὦ
384 926 631 996 πλούσιε,
670 927 742 995 μὴ
777 929 1004 997 ζητήσῃς
1048 927 1330 989 διαδύσεις
1369 925 1507 996 μηδὲ
1547 925 1788 996 ἐκτείνῃς

93 1016 154 1068 τὸ
186 1016 356 1069 κακὸν
398 1025 618 1087 πρῶτον
657 1016 758 1083 μὲν
791 1016 1210 1086 ἐνθυμούμενος
1242 1016 1331 1084 ὡς,
1364 1017 1411 1069 εἰ
1443 1014 1535 1069 καὶ
1570 1015 1787 1094 σφόδρα
1812 1038 1854 1071 ιο

93 1105 193 1157 τὸν
239 1105 416 1173 δῆμον
466 1103 692 1173 ἐμίσεις,
743 1107 937 1174 ἱκανήν
984 1119 1073 1158 σοι
1121 1103 1324 1158 δέδωκε
1371 1105 1556 1173 δίκην,
1602 1102 1788 1158 ἔπειτα

94 1193 302 1247 ὁπόσον
341 1192 592 1258 ἐξουσίας
622 1194 833 1264 <οἴσει>
865 1209 954 1248 σοι
993 1195 1054 1247 τὸ
1093 1193 1282 1264 μηκέτι
1320 1202 1415 1263 τῆς
1455 1193 1585 1263 ἐμῆς
1624 1193 1787 1247 ἀκού-

93 1302 177 1336 ειν
216 1292 406 1353 φωνῆς
447 1285 546 1353 τὴν
583 1286 762 1338 πόλιν.
804 1283 945 1354 ἐρεῖς
984 1284 1012 1337 ὅ
1045 1303 1098 1337 τι
1138 1283 1365 1351 ἐθέλεις,
1403 1282 1633 1353 γράψεις
1673 1282 1702 1335 ὅ
1734 1302 1787 1336 τι

93 1372 297 1441 βούλει.
350 1375 545 1442 θήσεις
595 1375 798 1441 νόμους
845 1371 1192 1444 ἀρέσκοντας.
1247 1382 1359 1425 τῶν
1406 1379 1513 1426 νῦν
1562 1371 1654 1439 ἐμὲ
1695 1371 1786 1425 καὶ

91 1460 232 1528 τάμὰ
285 1461 640 1532 μιμουμένων
694 1461 925 1533 ἐρημίαν
985 1463 1163 1533 θεάσῃ
1225 1464 1453 1531 πολλήν.
1514 1461 1786 1531 μεγάλους
1811 1482 1852 1516 1⁵

93 1550 218 1613 ὄψει
256 1553 384 1614 τοὺς
424 1559 631 1606 σαυτοῦ
670 1555 928 1619 κόλακας,
975 1553 1106 1614 τοὺς
1153 1551 1214 1605 δὲ
1260 1549 1496 1620 πένητας
1541 1551 1786 1620 μικρούς,

92 1637 182 1692 καὶ
227 1641 358 1703 τοὺς
402 1639 505 1710 μὲν
551 1640 945 1711 ἀγορεύοντας,
995 1643 1126 1704 τοὺς
1167 1637 1227 1693 δὲ
1266 1638 1785 1709 ἐγκεκαλυμμένους.

91 1727 177 1781 33.
217 1724 302 1800 ἆρ’
350 1730 451 1783 οὐκ
499 1731 591 1798 ἄν,
640 1731 688 1783 εἰ
733 1728 825 1783 καὶ
872 1730 967 1793 σὸς
1014 1724 1083 1797 ἧν
1136 1740 1242 1792 πᾶς
1289 1729 1317 1783 ὁ
1364 1736 1646 1798 πανταχοῦ
1694 1727 1784 1782 καὶ

212 1911 237 1950 2
270 1906 327 1950 cf.
361 1921 405 1963 p.
435 1910 547 1963 15,9
566 1921 632 1964 sq.

93 2074 265 2114 33—35
288 2066 371 2114 litt
395 2084 469 2114 om
496 2071 565 2115 Va
626 2069 882 2126 ἀναπείσει,
906 2068 951 2115 τί
975 2070 1062 2128 γὰρ
1088 2072 1174 2116 οὐκ
1200 2070 1281 2126 ἄνς
1315 2070 1356 2115 εἰ
1386 2069 1647 2128 παρέλαβεν
1680 2069 1784 2114 coni

91 2129 159 2173 Re
221 2130 306 2174 οὐκ
339 2129 589 2185 ἀπενθήσει
620 2129 707 2187 γὰρ
742 2129 801 2175 ἄν
831 2130 994 2174 Iacobs
1026 2132 1132 2188 App
1165 2131 1277 2174 Pors
1311 2135 1394 2174 313
1428 2130 1540 2174 Lech
1574 2133 1657 2172 100

213 2194 234 2231 1
268 2186 406 2247 ᾔτησε
434 2191 493 2234 Μ
539 2193 546 2245 Ι
597 2188 685 2252 ὁρᾷ
710 2189 797 2247 γὰρ
823 2190 988 2246 scripsi
1064 2190 1184 2244 ἑώρα
1211 2190 1500 2235 CrHVBVa
1561 2187 1784 2232 θεάσεται

95 2249 156 2292 Μ
183 2247 274 2291 edd
414 2254 439 2292 2
479 2246 562 2293 τὸν
603 2249 768 2294 ἑαυτοῦ
801 2263 875 2293 om
910 2250 978 2294 Va
1027 2251 1033 2306 Ι
1084 2247 1239 2306 ζητοίη
1280 2247 1340 2293 ἂν
1365 2251 1410 2293 Β
1543 2252 1570 2291 4
1613 2246 1785 2304 ὄμοσον

91 2306 237 2351 Cobet,
259 2306 376 2352 Misc
403 2313 486 2352 166
513 2311 563 2352 at
587 2308 645 2353 cf.
672 2311 873 2365 excerpt.
898 2308 1158 2352 Darmstad.
1186 2308 1262 2363 (cf.
1286 2311 1320 2353 t.
1338 2309 1380 2352 ΙΙ
1402 2323 1447 2365 p.
1469 2310 1571 2364 118)
1596 2307 1785 2369 fol-3181·

91 2365 296 2423 ὁμολογῶ
339 2367 391 2411 τὸ
435 2368 747 2427 ὑπισχνοῦμαι
790 2369 850 2418 ὡς
881 2367 1009 2423 παρὰ
1051 2366 1265 2427 λιβανίςο·
1418 2373 1442 2411 5
1487 2366 1597 2423 ἡμῖν
1638 2366 1689 2410 Η
1704 2367 1785 2412 VB

100 2425 168 2469 Va
191 2426 292 2469 Mor
353 2441 427 2470 om
447 2429 510 2472 M
565 2427 796 2484 scriptura
820 2427 870 2471 in
889 2428 948 2473 Cr
970 2428 1147 2472 incerta
1209 2427 1407 2471 correxit
1437 2427 1505 2470 Re
1533 2429 1539 2483 Ι
1566 2423 1786 2476 πίνοντος

92 2484 154 2527 Μ
272 2489 294 2528 7
329 2487 578 2543 ζυγομαχεῖ
600 2487 669 2531 Va
730 2488 968 2544 ξυρομαχῇ
1003 2486 1103 2532 Mor
1164 2492 1189 2530 9
1223 2482 1258 2530 ὦ
1291 2500 1366 2530 om
1392 2488 1437 2531 B
1465 2488 1470 2541 Ι
1500 2484 1702 2542 ζητήσεις
1727 2484 1790 2527 Μ

95 2543 98 2601 ᾗ
136 2544 366 2595 διαλύσεις
392 2545 599 2591 CrHVB
612 2547 679 2591 Va
707 2549 713 2604 Ι
741 2546 801 2603 μὴ
826 2545 877 2591 δὲ
902 2547 1064 2591 HBM
1183 2550 1236 2590 10
1270 2546 1334 2596 εἰς
1359 2548 1469 2590 ante
1493 2545 1544 2589 τὸ
1580 2546 1649 2601 Vl
1677 2543 1785 2588 ὡσεὶ

92 2603 149 2647 H
264 2607 316 2647 11
352 2603 552 2649 δέδωκεν
577 2605 668 2649 edd
793 2610 844 2647 12
878 2603 1053 2650 ὁπόσου
1078 2604 1286 2659 ἀξιώσεις
1307 2605 1470 2649 Iacobs
1496 2605 1609 2648 Lect
1636 2606 1641 2659 Ι
1670 2601 1786 2647 οἴσει

90 2662 265 2706 inserui
289 2664 477 2707 auctore
503 2664 569 2708 Re
631 2678 702 2708 om
729 2663 839 2708 libri
863 2664 955 2708 edd
1079 2670 1131 2708 13
1165 2663 1236 2709 ὅτι
1260 2668 1301 2719 (1
1326 2666 1374 2708 et
1398 2668 1442 2720 2)
1462 2665 1559 2708 ΗΒ
1571 2663 1640 2707 Va
1667 2664 1673 2718 Ι
1700 2659 1783 2706 θέ-

90 2723 181 2771 λεις
204 2723 330 2766 BVa
451 2727 506 2766 15
537 2723 661 2780 τάμὰ
693 2723 858 2780 scripsi
883 2737 939 2767 ex
964 2725 1023 2768 H
1027 2725 1111 2769 VB
1144 2737 1249 2767 cum
1272 2723 1483 2768 Iacobsio
1509 2723 1610 2766 Aeh
1634 2721 1670 2765 T
1696 2724 1782 2764 590

147 2779 206 2824 τὰ
239 2779 325 2836 ἐμὰ
352 2781 411 2824 M
421 2783 488 2826 Va
519 2782 611 2826 edd
672 2783 904 2839 scriptura
926 2783 977 2826 in
1002 2783 1062 2828 Gr
1091 2782 1272 2827 incerta.
1394 2787 1448 2828 16
1481 2782 1592 2832 τοὺς
1623 2779 1673 2826 δὲ
1705 2778 1784 2824 πέ-

90 2855 248 2943 vva}
262 2841 455 2956 ῧικῗούς
477 2844 584 2945 pc1>78t
614 2838 1038 2943 ἐγτᾶεκαλυμμένους
1060 2843 1172 2926 ξΜ
1180 2843 1248 2889 Va
1279 2841 1381 2889 Mor
1507 2845 1560 2885 18
1593 2840 1679 2884 οὐκ
1704 2837 1783 2896 ἄν]

91 2913 176 2942 ουν
299 2913 483 2952 απας
554 2915 662 2945 ase
729 2914 1076 2954 sevcorrm
