2044 3168
906 655 909 658 ’
930 673 1040 726 XL.

249 798 557 847 Declamatio
588 797 827 860 inscripta
860 795 1063 859 Νόμος
1101 795 1201 845 τὸν
1240 793 1428 862 ἄνδρα
1466 796 1570 860 τὴν
1610 802 1828 862 προῖκα

137 879 239 937 τῆς
271 872 694 937 μοιχευθείσης
725 865 1256 938 ἀποκερδαίνειν.1)
1292 869 1563 963 έπείρασέ
1602 890 1689 930 τις
1721 871 1827 935 τὴν

136 945 352 996 ἑαυτοῦ
382 950 638 1012 γυναῖκα
670 943 742 1004 ὡς
774 943 1082 1011 ἀλλότριος
1122 943 1215 993 ἐπὶ
1247 945 1479 1013 μοιχεία
1518 944 1614 994 καὶ
1656 940 1825 995 εἷλεν.

138 1017 163 1068 6
209 1020 397 1085 πατὴρ
443 1019 548 1083 τὴν
594 1019 886 1085 αἰσχύνην
931 1017 1223 1083 πτοηθεὶς
1276 1018 1570 1068 ἐπέδωκεν
1624 1018 1828 1085 ἑτέραν

135 1099 363 1159 προῖκα
412 1091 437 1142 6
479 1092 541 1144 δὲ
580 1092 678 1143 καὶ
724 1094 945 1158 ταύτην
984 1088 1070 1157 ἐφ’
1115 1095 1204 1153 οἱς
1250 1092 1347 1142 καὶ
1385 1093 1491 1158 τὴν
1534 1092 1827 1160 προτέραν

135 1166 370 1234 κατέσχε
409 1166 505 1217 καὶ
545 1167 570 1219 6
610 1168 797 1235 πατὴρ
838 1161 1020 1227 αὖθις
1059 1166 1261 1234 ἑτέραν
1300 1166 1606 1217 ἐπέδωκεν.
1656 1166 1728 1228 ὡς
1767 1166 1827 1218 δὲ

134 1250 315 1292 ταῦτα
361 1244 646 1302 πολλάκις
692 1242 920 1302 ἐκεῖνος
968 1240 1070 1307 μὲν
1119 1241 1328 1303 ἐποίει,
1370 1239 1402 1306 ἡ
1447 1238 1492 1291 δ
1538 1241 1827 1307 ἠπατᾶτο,

135 1320 471 1366 τελευταῖον
503 1314 528 1366 6
560 1316 747 1382 πατὴρ
779 1315 876 1366 καὶ
907 1314 1281 1382 ἀμφοτέρους
1314 1314 1669 1376 ἀποκτείνας
1700 1317 1827 1382 κρί-

133 1409 316 1453 νεται,
349 1409 448 1455 qua
471 1395 615 1454 pater
638 1392 744 1440 filia
765 1398 823 1440 ut
845 1393 1050 1441 moecha
1074 1407 1351 1456 generoque
1375 1394 1551 1454 utpote
1577 1393 1662 1454 qui
1686 1392 1828 1440 illam

134 1466 197 1514 ad
230 1466 527 1514 adulterium
560 1467 864 1529 pellexisset,
903 1469 962 1515 ut
1003 1467 1089 1515 dos
1129 1466 1192 1514 ad
1231 1468 1396 1528 ipsum
1434 1466 1638 1527 rediret,
1677 1467 1827 1515 inter-

132 1541 276 1589 fectis
309 1556 339 1588 a
370 1542 502 1589 necis
535 1543 739 1590 crimine
770 1557 820 1590 se
853 1542 1087 1602 defendit,
1119 1540 1380 1589 facundiae
1404 1540 1711 1589 Libanianae
1743 1541 1826 1588 ad-

133 1615 454 1663 miratoribus
485 1616 644 1663 multo
676 1616 841 1663 minus
873 1631 1022 1677 quam
1056 1615 1401 1664 antecedentes
1444 1615 1827 1664 declamationes

134 1692 339 1752 accepta
369 1690 479 1737 fuit.
541 1690 714 1752 Neque
745 1690 798 1738 id
835 1691 1033 1738 iniuria.
1096 1690 1228 1738 Nam
1260 1689 1322 1737 ab
1355 1693 1462 1737 arte
1493 1689 1583 1737 illa
1614 1690 1826 1738 rhetoris

133 1763 432 1812 Antiocheni
470 1779 671 1826 prorsus
712 1764 956 1813 abhorret.
1017 1764 1190 1826 Neque
1230 1764 1351 1826 quin
1392 1763 1454 1811 ab
1499 1765 1592 1812 hoc
1635 1764 1825 1812 abiudi-

135 1838 292 1886 canda
324 1840 391 1886 sit
421 1838 611 1886 dubito.
675 1837 851 1886 Gratia
882 1841 1035 1901 atque
1070 1838 1364 1900 simplicitas
1396 1837 1595 1886 Libanii
1627 1838 1826 1886 omnino

134 1911 488 1961 desiderantur.
550 1913 781 1976 Regnant
812 1915 1055 1976 asperitas
1088 1914 1237 1975 atque
1269 1912 1558 1962 verbositas,
1613 1913 1744 1961 Hinc
1777 1915 1827 1961 et

254 2071 296 2125 1)
329 2069 460 2113 Hanc
500 2069 657 2125 legem
696 2083 903 2125 unquam
942 2069 1087 2113 fuisse
1125 2069 1410 2126 negantibus
1451 2069 1624 2113 Meiero
1659 2069 1826 2113 Schoe-

134 2142 303 2172 manno
343 2129 499 2185 Lipsio
540 2129 648 2186 (Der
688 2129 901 2173 Attische
939 2129 1113 2172 Prozess
1152 2144 1196 2185 p.
1224 2131 1328 2186 519)
1369 2128 1651 2185 adstipulari
1697 2128 1826 2171 haud

135 2201 267 2244 queo.
330 2187 452 2232 Nam
491 2191 546 2232 ut
588 2201 692 2231 eum
737 2188 819 2244 qui
851 2188 1102 2232 divortium
1143 2202 1248 2232 cum
1279 2202 1420 2233 uxore
1459 2189 1637 2233 fecerat
1669 2188 1826 2232 dotem

134 2247 233 2292 elus
265 2247 457 2292 reddere
483 2247 698 2291 debuisse
730 2247 806 2291 lex
829 2247 1032 2304 Ephesia
1062 2247 1202 2304 primi
1228 2262 1269 2292 a.
1297 2247 1398 2292 Chr.
1425 2247 1600 2292 saeculi
1625 2247 1825 2303 (Ditten-

132 2306 300 2364 berger
332 2306 443 2363 Syll.
469 2306 605 2350 inser.
635 2306 821 2351 Graec.²
844 2311 945 2362 510,
963 2311 1018 2351 59
1045 2306 1179 2363 (ὅσοι)
1205 2307 1432 2364 γήμαντες
1463 2308 1543 2351 καὶ
1575 2306 1826 2351 διαλυθέν-

133 2381 206 2416 τες
237 2366 297 2423 μὴ
329 2366 657 2411 ἀποδεδώκασι
688 2365 771 2416 τὰς
802 2367 978 2422 φερνὰς
1009 2366 1151 2417 οὔσας
1182 2366 1446 2417 ἀποδότους
1481 2366 1602 2410 κατὰ
1631 2366 1714 2410 τὸν
1746 2364 1824 2410 νό-

132 2442 234 2481 μον,
265 2425 458 2476 τούτους
489 2424 774 2470 ἀποδιδόναι
804 2425 887 2477 τὸις
917 2426 1094 2482 φερνὰς
1124 2427 1203 2469 καὶ
1242 2427 1351 2477 τοὺς
1388 2424 1571 2482 τόκους)
1604 2425 1825 2478 ostendit,

131 2484 201 2528 ita
232 2487 388 2528 aetate
419 2484 585 2528 saltem
615 2484 870 2541 posteriore
903 2485 1059 2529 dotem
1085 2484 1184 2529 eius
1209 2499 1327 2540 quae
1362 2485 1583 2529 adulterii
1614 2485 1826 2528 convicta

134 2545 235 2587 erat
273 2544 334 2587 ad
374 2545 591 2588 maritum
630 2546 894 2600 pervenisse
933 2558 1025 2589 non
1067 2543 1218 2588 solum
1257 2558 1311 2589 ex
1355 2545 1444 2589 hac
1476 2544 1550 2601 (cf.
1584 2559 1627 2600 p.
1655 2548 1823 2597 334‚6;

133 2605 325 2660 350‚19)
359 2602 638 2659 Sopatrique
679 2604 736 2647 de
776 2617 869 2659 qua
911 2618 1016 2648 mox
1056 2603 1197 2647 verba
1240 2603 1351 2648 fient
1393 2603 1698 2660 inscriptione
1742 2603 1823 2646 sed

134 2662 278 2705 etiam
310 2676 335 2706 e
366 2662 469 2706 loco
493 2662 690 2706 Achillis
714 2663 838 2706 Tatii
863 2662 969 2706 VIII
994 2668 1107 2716 8,13
1141 2660 1202 2707 ἂν
1232 2662 1394 2707 τοίνυν
1424 2660 1715 2716 τούναντίον,
1739 2661 1824 2718 τὴι

133 2722 216 2777 μὲν
247 2720 366 2765 κατὰ
397 2722 480 2766 τὸν
512 2720 658 2778 νόμον
689 2722 922 2777 ἀφεῖσθαι
952 2729 1033 2779 τῆς
1063 2722 1258 2777 προικὸς
1289 2722 1426 2794 φημὶ
1440 2725 1540 2766 δεῖν
1576 2719 1700 2777 ἐμοί,
1739 2721 1822 2764 τὸν

133 2780 183 2823 δὲ
216 2781 436 2838 υποσχεῖν
467 2780 552 2837 τὴν
586 2780 891 2836 ὀφειλομένην
921 2788 1019 2832 τοῖς
1050 2789 1230 2838 μοιχοῖς
1263 2779 1488 2839 τιμωρίαν
1520 2780 1697 2837 patefit.
1754 2779 1821 2823 Cf.

133 2838 216 2883 Ed.
251 2838 418 2896 Capps‚
451 2840 698 2883 Amfflican
727 2839 922 2884 Journal
952 2840 1004 2884 of
1029 2840 1273 2897 philology
1304 2839 1451 2883 XXIX
1476 2842 1626 2895 (1908)
1650 2854 1693 2895 p
1720 2843 1821 2893 423

134 2898 214 2952 qui
245 2898 366 2942 hanc
396 2899 549 2956 legem
581 2899 722 2943 etiam
755 2899 950 2943 Athenis
983 2902 1139 2943 aetate
1171 2899 1455 2943 Menandrea
1493 2898 1637 2942 fuisse
1670 2898 1821 2975 suspi-

133 2959 266 3000 catus
297 2959 382 3002 est.
