2020 3146
170 631 189 663 5

218 119 292 172 96
627 117 852 160 LIBANII
882 115 1271 160 DECLAMATIO
1305 116 1496 160 XXXIH

218 251 387 308 οὐδὲν
412 254 677 320 δεόμενον
701 255 933 320 βαθείας
957 253 1195 321 γνώμης,
1226 253 1285 305 τὸ
1319 255 1565 323 χρήματα
1593 251 1909 322 ἀνελέσθαι,

217 343 319 396 οὐκ
359 337 506 396 εἶδεν
546 340 663 395 οὐδ’
704 340 1042 410 ἐνεθυμήθη.
1093 341 1179 393 30.
1221 338 1337 394 ἀλλ’
1378 341 1564 410 ἐπειδὴ
1603 340 1694 395 καὶ
1725 342 1907 412 ῥήτωρ

213 432 350 500 ἡμῖν
381 430 749 501 ἀναπέφηνας,
791 429 973 493 δεῖξον
1005 429 1549 498 προσγεγραμμένον·
1590 431 1757 499 πλὴν
1796 431 1908 484 ἐάν

214 540 312 583 τις
344 520 713 589 ἀριστεύσῃ.
753 520 1014 581 τούτοις
1054 515 1121 571 δὲ
1152 516 1311 571 ἔστω
1345 520 1720 587 κρείττοσιν
1751 519 1906 573 ἀπο-

215 608 541 679 κηρύξεως
588 604 774 661 εἶναι.
831 610 881 661 εί
919 606 966 659 δ’
1016 607 1118 660 οὐκ
1156 604 1319 676 ἔχεις,
1367 608 1438 675 μὴ
1488 610 1762 676 λυμαίνου
1806 610 1906 663 τὸν

122 702 244 747 RIV
261 707 345 747 631
391 700 581 766 νόμον.
638 698 779 765 λύμη
820 697 923 765 γάρ
966 694 1115 749 ἐστιν
1154 695 1186 764 ἡ
1221 693 1228 766 Ι
1263 699 1567 766 προσθήκη.
1624 694 1756 750 οὐδὲ
1801 699 1903 766 γὰρ

144 1076 186 1108 10

139 1521 180 1553 15

214 787 387 840 ἐκεῖνο
429 788 601 854 φήσαι
639 806 723 848 τις
762 787 847 853 ἄν,
893 786 966 846 ὡς
1005 786 1105 852 τὴν
1146 786 1222 847 εἰς
1260 787 1389 848 τοὺς
1427 784 1623 852 γονέας
1661 786 1903 839 κάκωσιν

212 876 414 929 ε’λάττω
454 876 785 944 καθίστησιν
824 875 856 942 ἡ
889 883 1001 926 τῶν
1039 875 1360 927 κακούντων
1393 874 1653 942 ἀριστεία.
1693 876 1755 928 τὸ
1796 875 1900 944 γαρ

209 965 390 1027 πάθος
430 970 577 1031 ἴσον,
617 965 687 1016 άν
725 983 783 1015 τε
823 963 1004 1026 δειλὸς
1044 964 1113 1015 άν
1159 982 1216 1015 τε
1257 961 1511 1033 ἀνδρεῖος
1550 962 1578 1016 ὁ
1621 967 1812 1016 λυπῶν
1850 984 1902 1034 η,

210 1057 420 1119 μᾶλλον
482 1051 565 1119 δέ,
627 1052 872 1123 τοσούτῳ
936 1053 1251 1121 δεινότερον
1311 1051 1419 1104 ὑπὸ
1489 1060 1601 1104 τῶν
1669 1051 1901 1120 ἀγαθῶν

207 1142 437 1211 πάσχειν
482 1150 683 1209 κακῶς,
739 1142 849 1213 ὅσῳ
897 1142 1127 1210 πάσχειν
1170 1136 1231 1193 εὖ
1279 1142 1425 1208 παρὰ
1471 1149 1583 1193 τῶν
1630 1141 1899 1193 τοιούτων

207 1231 498 1300 ὀφείλεται.
539 1231 631 1283 διὰ
671 1229 727 1283 τί
762 1232 866 1299 γὰρ
909 1231 1010 1283 οὐκ
1050 1229 1247 1300 ἐκπεσῇ
1287 1238 1381 1298 τῆς
1421 1231 1612 1298 οἰκίας,
1659 1230 1743 1282 ὅτι
1783 1237 1899 1292 τοῖς

207 1317 357 1387 ἐμοῖς
395 1318 608 1372 τέλεσιν
648 1320 726 1382 εἰς
764 1320 824 1372 τὸ
867 1320 1147 1372 δύνασθαι
1189 1321 1389 1388 φοβεῖν
1432 1320 1560 1381 τοὺς
1599 1321 1897 1387 πολεμίους

205 1412 506 1478 προῆλθες;
546 1407 766 1475 ἀμελεῖν
806 1409 911 1478 ἄρα
951 1410 1036 1460 δεῖ
1074 1415 1169 1476 τῆς
1199 1417 1311 1460 τῶν
1343 1405 1590 1476 ἐγγόνων
1629 1408 1895 1475 παιδείας,

206 1502 355 1565 εἴπερ
395 1497 579 1550 αὐτῶν
618 1498 816 1564 ἄκυροι
855 1497 948 1549 διὰ
987 1504 1150 1550 τοῦτο
1190 1494 1614 1563 καθεστήξομεν.

315 1585 403 1638 31.
441 1584 578 1638 Ἀλλ’
624 1585 802 1653 ἐάσας,
841 1582 882 1638 ὦ
924 1586 1042 1652 τάν,
1092 1585 1152 1637 τὸ
1193 1587 1460 1652 τρόπαιον
1500 1583 1729 1647 δίδαξον
1768 1586 1893 1638 τού-

323 1691 349 1729 8
384 1685 514 1730 Chor.
549 1701 671 1731 avar.
707 1691 732 1740 ξ
758 1691 812 1730 61
847 1701 892 1743 p.
919 1690 1093 1739 519,19

323 1781 377 1819 12
408 1783 506 1826 τοῖς
537 1776 662 1832 ἐμοῖς
692 1775 886 1820 τέλεσιν·
919 1782 1022 1825 ταῖς
1053 1773 1291 1826 δαπάναις
1317 1775 1409 1818 Mm

323 1869 346 1908 1
379 1865 430 1909 τὸ
458 1865 511 1910 ΟΖ
541 1865 621 1908 sed
655 1881 678 1908 ο
710 1864 760 1908 in
790 1878 866 1908 ras
898 1863 970 1907 m²
1112 1869 1137 1905 2
1182 1860 1306 1908 εἶδεν
1338 1863 1503 1919 scripsi
1535 1877 1560 1908 e
1595 1864 1745 1909 VCLa
1758 1865 1891 1909 ViVa

261 1919 389 1968 οἶδεν
413 1925 628 1969 HMGlB
661 1923 752 1967 edd
788 1927 794 1979 Ι
830 1923 939 1968 οὐδὲ
966 1925 1071 1967 ΜΒ
1084 1924 1150 1967 Va
1182 1923 1273 1967 edd
1305 1923 1387 1966 sed
1417 1939 1472 1990 γρ
1506 1920 1646 1968 οὐδεν
1677 1923 1726 1966 in
1757 1937 1892 1982 marg

200 1983 303 2027 Mor
379 1985 464 2027 οὐκ
488 1984 545 2028 H
551 1984 630 2029 VC'
673 1987 680 2039 Ι
730 1982 827 2026 ἀλλ’
860 2009 915 2015 -—
941 1986 968 2025 4
1001 1982 1245 2048 ἀριστεύσῃ
1284 1982 1554 2038 praemissis
1585 1983 1738 2027 verbis
1771 1983 1890 2040 πλὴν

200 2043 304 2086 ἀντὶ
335 2050 416 2086 τοῦ
440 2042 563 2098 παρὸ
596 2041 848 2098 διαφόρως.
883 2041 1106 2099 Λιβάνιος
1135 2041 1253 2084 citat
1277 2041 1420 2085 Andr.
1445 2041 1620 2097 Lopad.
1648 2057 1680 2085 s
1706 2057 1744 2085 V.
1770 2042 1889 2099 πλὴν

198 2116 243 2157 p.
273 2106 413 2155 154,1
449 2102 519 2146 ed
552 2101 718 2145 Nauck
840 2105 865 2144 3
897 2099 1207 2157 ἀναπέφηνας
1234 2101 1294 2144 Μ
1322 2100 1404 2145 sed
1435 2103 1538 2157 α(1>
1571 2114 1626 2144 ex
1659 2117 1678 2145 ε
1712 2115 1814 2145 corr
1843 2117 1887 2160 y,

202 2161 254 2204 Ol
284 2161 366 2204 sed
399 2173 454 2204 ex
485 2158 731 2217 ἀπέφηνας
762 2175 864 2204 corr
893 2160 964 2203 m⁴
1005 2161 1010 2215 Ι
1060 2158 1497 2233 προσγεγραμμένον
1523 2186 1579 2192 -
1603 2164 1749 2215 98,14
1781 2160 1888 2217 ἐξῆν

197 2219 247 2262 in
279 2218 352 2263 lac
385 2224 412 2262 4
443 2219 523 2263 litt
553 2233 628 2264 om
655 2221 707 2265 ΟΖ
851 2224 874 2263 7
909 2217 1103 2274 φήσεταί
1129 2219 1350 2263 LaViVa
1494 2223 1518 2261 9
1562 2215 1662 2263 ἶσον
1688 2220 1844 2264 HCVi
1878 2220 1883 2278 Ι

199 2279 414 2332 ἀνδρεῖος
437 2280 563 2322 BVa
605 2283 611 2333 Ι
661 2279 811 2329 δειλὸς
833 2280 960 2323 BVa
1081 2282 1136 2322 10
1166 2285 1390 2322 τοσοῦτον
1415 2279 1467 2322 H
1478 2279 1579 2322 VM
1606 2278 1688 2321 sed
1718 2278 1767 2327 in
1799 2279 1887 2323 hoc

197 2337 247 2380 in
277 2338 478 2381 τοσούτω
512 2351 614 2382 corr
635 2353 678 2395 y,
713 2338 772 2382 Vi
801 2338 883 2382 sed
914 2338 1115 2397 τοσούτῳ
1141 2350 1356 2394 suprascr
1386 2336 1467 2390 m',
1503 2337 1570 2381 Va
1603 2337 1704 2380 Mor
1733 2337 1851 2381 sed
1837 2352 1886 2381 1n

197 2396 286 2439 hoc
325 2413 379 2452 γρ
415 2397 617 2456 τοσούτῳ
655 2397 704 2440 in
735 2411 876 2472 marg
951 2404 1140 2441 τοσοῦτο
1166 2398 1241 2440 La
1386 2401 1437 2439 11
1482 2393 1590 2440 ὅσον
1617 2396 1886 2441 LaViBVa

197 2455 299 2499 Mor
331 2455 411 2499 sed
443 2455 491 2498 in
523 2442 611 2499 hoc
641 2473 695 2512 γρ
729 2455 819 2513 ὅσῳ
851 2456 899 2498 in
932 2471 1065 2513 marg
1186 2460 1239 2498 12
1273 2453 1399 2498 διατί
1422 2456 1480 2499 H
1487 2456 1541 2498 Vt
1578 2458 1583 2511 Ι
1627 2455 1885 2500 ἐκπεσεῖται

196 2515 242 2558 Β
365 2519 418 2557 13
451 2513 625 2559 τέλεσιν
660 2516 703 2559 V
727 2515 808 2559 sed
841 2515 1077 2565 δαπάναις
1108 2528 1324 2571 suprascr
1354 2514 1436 2567 m³,
1469 2513 1570 2558 Mor
1601 2514 1682 2558 sed
1714 2532 1768 2570 γρ
1802 2516 1884 2558 δα-

195 2572 371 2624 πάναις
400 2573 450 2616 in
480 2586 614 2630 marg
737 2578 790 2616 14
822 2578 1058 2630 προῆλθες
1091 2574 1140 2617 in
1171 2587 1246 2617 ras
1282 2572 1341 2616 V²
1400 2576 1664 2628 προσῆλθες
1698 2575 1754 2617 Vi
1783 2573 1885 2618 Mor

253 2634 492 2701 προῇλθεν
518 2634 563 2676 Β
590 2633 597 2690 Ι
625 2632 712 2688 γὰρ
748 2634 804 2676 Vi
831 2637 836 2687 Ι
865 2633 959 2677 ἔδει
992 2633 1050 2676 Vi
1081 2633 1162 2677 sed
1193 2633 1243 2677 in
1275 2634 1351 2677 δεῖ
1379 2646 1480 2676 corr
1509 2632 1621 2676 rubr
1648 2638 1653 2683 Ι
1682 2630 1884 2689 ἐγγόνων

195 2691 360 2747 scripsi
391 2705 447 2735 ex
471 2691 744 2736 HVCMLa
756 2693 813 2736 Vi
843 2693 890 2735 et
921 2709 975 2747 γρ
1007 2693 1056 2735 in
1087 2705 1222 2749 marg
1251 2691 1353 2735 Mor
1414 2690 1617 2748 ἐκγόνων
1641 2693 1768 2736 BVa
1793 2691 1883 2734 edd

316 2756 369 2793 15
402 2749 538 2805 ἄκροι
563 2751 609 2794 Β
650 2753 657 2806 Ι
700 2752 916 2795 διατοῦτο
943 2751 1139 2796 HLaVi
1173 2751 1179 2809 Ι
1214 2750 1560 2806 καθεστήξομεν
1594 2751 1663 2795 Va
1694 2751 1776 2795 sed
1809 2765 1885 2795 εστ

193 2808 243 2851 in
272 2823 347 2852 ras
379 2809 449 2853 m'
523 2808 869 2865 καθεστήκομεν
894 2811 951 2854 Η
1021 2809 1388 2864 καθεστήκοιμεν
1422 2810 1465 2853 V
1530 2810 1882 2865 καθεστήκαμεν

196 2868 235 2912 0
261 2869 343 2911 sed
374 2869 511 2924 ξομεν
543 2881 758 2924 suprascr
788 2870 818 2923 f
947 2874 1000 2912 16
1031 2869 1119 2912 τὰν
1153 2869 1210 2912 Vi
1240 2868 1323 2911 sed
1353 2875 1442 2911 παῖ
1471 2868 1520 2911 in
1551 2883 1683 2925 marg
1714 2867 1796 2922 m’,
1824 2869 1886 2912 M

194 2927 275 2969 sed
307 2927 356 2969 in
388 2934 473 2970 τᾶν
505 2940 606 2970 corr
632 2942 675 2983 y,
711 2928 778 2971 Va
811 2927 902 2970 edd
963 2935 1049 2971 τᾶν
1074 2928 1196 2971 LaB
1258 2935 1347 2971 παῖ
1369 2928 1509 2972 HVC
