2014 3158
223 131 330 187 372
680 130 910 177 LIBANH
939 128 1331 178 DECLAMATIO
1364 131 1465 176 xm
1961 0 2014 239 'q

222 268 455 340 ἀφέντες
493 269 554 322 τὸ
594 272 830 339 βοηθεῖν
861 277 925 339 τῇ
957 271 1112 323 πόλει
1145 271 1325 337 λόγων
1355 268 1655 339 ἠνέσχεσθε
1686 280 1911 342 μακρῶν
1999 240 2014 328 ³

221 359 310 412 καὶ
349 367 617 412 τοσοῦτον
656 358 904 428 ἐδυνήθη
944 379 1026 421 τις
1056 357 1184 428 παρ’
1222 358 1357 429 ὑμῖν
1395 357 1530 412 ὥσθ’
1572 359 1714 428 ὑμᾶς
1751 379 1912 414 κατα-

221 456 416 516 στῆσαι
456 449 592 518 πρὸς
630 448 691 501 τὸ
733 451 911 517 ζητεῖν
962 449 1013 501 εἰ
1050 448 1135 501 δεῖ
1179 455 1275 518 τῆς
1319 449 1603 519 προδήλου
1643 451 1912 518 σωτηρίας

218 537 592 606 ἀμελήσαντας
630 538 695 590 τὰ
735 538 988 606 μηδαμοῦ
1028 528 1369 606 γενησόμενα
1406 536 1745 607 περιμένειν,
1784 548 1911 612 πῶς

173 646 192 679 5
219 627 319 679 οὐκ
381 626 451 679 ἂν
512 627 735 689 εἰκότως
796 627 1048 694 δοκοίητε
1108 637 1517 697 παραφρονεῖν;
1594 627 1642 680 2.
1691 626 1795 695 ἐγὼ
1849 624 1911 681 δὲ

216 715 412 784 ἠξίουν
465 715 567 785 μὲν
619 715 762 786 ὑμᾶς
812 715 918 770 ἀπὸ
973 725 1085 769 τῶν
1137 717 1372 785 πρώτων
1426 715 1684 786 ῥημάτων
1737 717 1911 780 εὐθὺς

216 803 440 859 τουτονὶ
501 807 599 859 τὸν
659 807 863 876 μιαρὸν
926 804 1179 875 ἐκβαλεῖν
1239 806 1330 859 καὶ
1391 804 1564 875 μηδὲν
1626 805 1706 860 ἐπ’
1768 805 1915 879 αὐτῷ

215 895 485 964 δεηθῆναι
526 895 783 965 ῥήτορος,
832 895 969 948 ἀλλὰ
1016 903 1114 949 τοῦ
1163 896 1340 964 δήμου
1381 900 1640 966 καθαρῶς
1685 903 1908 966 ποιῆσαι

214 984 275 1037 τὸ
317 981 503 1055 ἔργον·
545 983 660 1038 ἐπεὶ
700 982 762 1038 δὲ
802 984 903 1038 οὐκ
943 978 1046 1038 οἷδ’
1086 985 1231 1047 ὅπως
1272 983 1443 1053 ἐδόθη
1483 992 1745 1048 τοσοῦτος
1783 987 1908 1056 χρό-

147 1094 190 1126 10
214 1094 311 1136 νος
340 1082 404 1145 τῇ
436 1075 601 1127 τοῦδε
629 1075 972 1145 ψευδολογίᾳ
1004 1075 1096 1127 καὶ
1127 1082 1225 1127 τοῦ
1259 1072 1578 1137 διδάξοντος
1610 1074 1750 1143 ὑμᾶς
1781 1072 1906 1144 περὶ

213 1158 293 1215 ὧν
331 1165 521 1232 μόνων
553 1161 720 1217 οὐδὲν
761 1164 850 1216 δεῖ
885 1164 1112 1233 διδαχῆς
1152 1161 1433 1231 ἐδεήθητε,
1472 1167 1765 1233 παρῆλθον
1804 1163 1907 1216 οὐκ

213 1249 519 1322 ἐπιτρέψων
557 1254 753 1321 βελτίω
794 1258 1132 1322 νομισθῆναι
1171 1260 1271 1305 τοῦ
1305 1253 1536 1304 Πυθίου
1576 1252 1675 1304 τὸν
1713 1252 1905 1321 μάγον.

322 1342 370 1395 3.
419 1343 492 1395 Τὸ
548 1340 650 1412 μὲν
704 1338 808 1396 οὖν
862 1340 1129 1411 ἐξελέγξαι
1180 1349 1381 1394 τοῦτον
1435 1340 1905 1411 άλαζονευόμενον

211 1431 313 1484 οὐκ
354 1430 473 1501 ἐμοὶ
512 1435 705 1501 μόνον,
745 1431 884 1485 ἀλλὰ
922 1432 1012 1484 καὶ
1044 1434 1213 1484 παντί
1246 1452 1321 1504 τῳ
1354 1430 1567 1503 ῥᾴδιον,
1599 1430 1773 1494 οὕτως
1811 1431 1904 1484 οὐ-

144 1540 186 1573 15
211 1516 308 1572 δὲν
346 1522 592 1574 πιθανὸν
632 1519 693 1574 ἐν
731 1514 814 1584 οἷς
851 1520 1152 1590 ὑπέσχηται
1189 1521 1406 1583 τούτοις
1445 1517 1535 1588 ἦν·
1578 1521 1681 1573 δύο
1721 1519 1786 1573 δέ
1820 1539 1903 1590 με,

210 1602 252 1661 ὦ
291 1613 535 1679 πολῖται,
582 1611 815 1680 μάλιστα
861 1618 957 1679 τῆς
1002 1617 1101 1662 τοῦ
1147 1609 1327 1678 μάγου
1378 1610 1715 1678 δημηγορίας
1753 1609 1901 1681 ἀνιᾷ,

207 1697 270 1750 ἓν
315 1695 417 1766 μὲν
463 1699 548 1752 ὅτι
597 1698 792 1753 πολλοὶ
838 1707 947 1753 νῦν
992 1708 1104 1752 τῶν
1141 1703 1383 1752 πολιτῶν
1430 1697 1490 1751 ἐν
1535 1707 1651 1760 τοῖς
1699 1699 1900 1752 τούτου

121 1790 248 1835 RIV
265 1796 348 1836 725
396 1787 753 1858 κεκηλημένοι
792 1790 1004 1857 λόγοις,
1051 1785 1167 1841 ἔστι
1214 1787 1276 1841 δὲ
1325 1786 1414 1841 καὶ
1454 1787 1666 1841 τούτων
1701 1788 1707 1857 Ι
1742 1782 1904 1850 οὗτος

208 1875 396 1946 αἴτιος,
436 1876 857 1947 ἀποθνήσκουσι
896 1884 994 1931 τοῦ
1035 1881 1232 1946 λοιμοῦ
1275 1877 1335 1930 τὸ
1376 1876 1547 1930 αὑτοῦ
1586 1884 1899 1943 ποιοῦντος,

328 2027 382 2066 10
416 2022 555 2080 Soph.
589 2022 641 2067 Ο.
665 2023 719 2067 R.
747 2027 831 2067 387
851 2038 917 2078 sq.

325 2162 350 2200 2
382 2155 452 2208 τίς
477 2158 685 2202 PParM
707 2158 714 2214 Ι
741 2157 871 2216 ὑμῖν]
897 2158 1025 2214 ὑμῶν
1049 2159 1095 2202 Β
1123 2159 1129 2215 Ι
1157 2163 1445 2214 καταστῆναι
1468 2156 1536 2200 Re
1657 2160 1683 2199 5
1716 2158 1895 2201 δοκεῖτε

205 2216 252 2259 Ρ
279 2217 327 2260 et
356 2233 410 2274 γρ
443 2217 492 2260 in
524 2231 658 2274 marg
681 2217 783 2260 Mor
843 2214 998 2268 δόξετε
1024 2217 1069 2260 Β
1192 2221 1217 2260 6
1251 2217 1396 2268 εὐθὺς
1426 2217 1533 2272 post
1564 2212 1780 2273 ῥημάτων
1811 2229 1895 2272 po-

206 2275 277 2318 sui
309 2288 334 2319 e
358 2276 550 2332 PParB
610 2278 717 2332 post
747 2276 867 2333 ὑμᾶς
892 2276 1062 2320 MosM
1090 2275 1182 2320 edd
1303 2280 1326 2319 7
1360 2273 1525 2333 μικρὸν
1551 2277 1648 2320 Par
1695 2278 1702 2332 Ι
1753 2274 1896 2320 αὐτὸν

205 2364 315 2409 Mos
345 2366 393 2409 et
423 2382 477 2422 γρ
510 2364 559 2408 in
589 2378 723 2422 marg
753 2364 855 2408 Mor
975 2369 999 2407 9
1034 2359 1142 2408 οἶδα
1168 2366 1266 2410 Par
1396 2368 1449 2407 10
1482 2350 1759 2416 διδάξίᾶντος
1782 2365 1828 2408 Β

205 2422 484 2477 διδάξαντος
513 2426 658 2469 PPar
801 2429 853 2467 11
899 2425 1095 2482 διδαχῆς
1127 2425 1201 2468 δεῖ
1232 2423 1293 2466 Μ
1335 2425 1341 2480 Ι
1392 2426 1466 2468 δεῖ
1503 2437 1578 2466 om
1611 2423 1755 2468 PPar

207 2487 260 2525 12
294 2481 506 2541 βελτίονα
532 2484 736 2528 PParM
867 2487 920 2525 15
952 2482 1161 2533 πιθανὸς
1186 2483 1327 2528 PPar
1358 2483 1405 2526 et
1435 2499 1490 2539 γρ
1519 2483 1568 2525 in
1591 2496 1725 2540 marg
1746 2482 1851 2525 'Mor
1884 2482 1889 2540 Ι
1982 2524 1985 2531 ,

203 2539 461 2600 ὑπόσχηται
484 2544 575 2587 ΡΒ
699 2546 751 2586 16
784 2544 968 2586 πολῖται
999 2541 1165 2597 scripsi
1197 2555 1222 2586 e
1247 2540 1647 2598 MosMwouwa)
1679 2544 1727 2585 et
1758 2558 1811 2597 γρ
1843 2540 1892 2584 in
1968 2568 1983 2598 ’Δ

203 2614 338 2658 marg
361 2601 462 2645 Mor
522 2599 749 2657 παρόντες
773 2602 963 2645 PParB
988 2601 1079 2644 edd
1112 2601 1168 2645 ef.
1195 2601 1255 2644 ad
1278 2616 1323 2657 p.
1351 2605 1450 2654 371,
1470 2605 1495 2644 6
1619 2605 1672 2643 17
1705 2607 1793 2645 νῦν
1817 2614 1892 2644 om

205 2661 265 2704 M
290 2663 296 2715 Ι
324 2661 374 2705 ἐν
407 2659 656 2704 delendum
688 2663 879 2704 censent
901 2661 969 2703 Re
1001 2662 1047 2703 et
1080 2659 1279 2704 Cobetus
1311 2659 1428 2703 Misc
1455 2664 1539 2702 155
1566 2659 1777 2704 0011299
1810 2659 1892 2703 sed
1981 2670 1983 2675 ·

204 2719 419 2763 conveniss
455 2719 562 2763 usui
599 2719 788 2763 Libanii
932 2723 986 2763 18
1026 2717 1328 2776 κεκηλημένοι
1367 2718 1532 2775 scripsi
1564 2732 1589 2762 e
1622 2719 1667 2762 Β
1700 2718 1782 2762 sed
1819 2720 1892 2762 κλι

203 2791 344 2834 supra
375 2781 510 2836 κηλη,
542 2780 596 2822 ui:
627 2779 924 2823 coniecerunt
954 2778 1043 2832 Ro,
1077 2791 1360 2834 quamquam
1391 2778 1441 2820 in
1471 2780 1584 2822 nota
1614 2778 1891 2834 impressum
1970 2806 1975 2830 v,

203 2840 275 2880 est
297 2837 579 2894 κεκλημένοι,
605 2840 652 2881 et
667 2836 869 2882 Cobetus
930 2835 1199 2893 κεκλημένοι
1215 2838 1530 2882 PParMosM
1544 2836 1634 2880 edd
1695 2838 1890 2880 κεκωλυ-
1974 2838 1977 2846 '

202 2894 333 2951 μένοι
363 2896 526 2940 Iacobs
557 2897 671 2941 Lect
702 2901 786 2941 138
814 2899 820 2953 j
848 2895 996 2946 αἴτιος
1027 2894 1160 2947 οὗτος
1178 2897 1342 2940 ParM
1460 2901 1512 2939 19
1546 2897 1689 2939 αὑτοῦ
1723 2894 1887 2951 scripsi
1960 2917 1968 2947 ‚¹

203 2969 226 2998 e
254 2956 314 2998 M
373 2956 515 2999 αὐτοῦ
542 2957 739 3001 PMosB
765 2956 855 2999 edd
917 2955 1030 2999 αὐτὸ
1055 2957 1154 2999 Par
1184 2957 1232 2999 et
1262 2972 1317 3012 γρ
1348 2955 1397 2998 in
1428 2968 1562 3011 marg
1594 2954 1696 2998 Mor
