2044 3168
219 98 327 153 246
619 99 848 144 LIBANH
876 62 1269 144 DECLAMA'rm
1301 98 1516 143 xxxvn

218 235 528 304 στεφάνους
567 232 731 304 ἔχειν,
772 235 873 288 οὐκ
914 233 1163 288 ἀτέλειαν
1201 237 1429 304 ἤθελον,
1469 233 1535 287 οὐ
1582 238 1783 305 χαλκῆς
1821 255 1914 289 τυ-

217 332 337 393 χεῖν
375 322 610 393 ἐδεόμην
649 325 879 391 εἰκόνος,
919 322 1038 377 ἀλλ’
1087 323 1275 391 ἐπειδή
1321 343 1415 390 μοι
1455 324 1914 392 προσδοκώμενος

224 408 392 475 αὖθις
430 409 586 479 ἔμελε
624 413 988 482 πόλεμοςκαὶ
1036 415 1188 483 φήμη
1235 414 1451 482 πονηρὰ
1496 411 1588 465 καὶ
1634 415 1914 481 πολεμίων

218 503 370 570 ἰσχὺς
409 502 760 570 πανταχόθεν
799 500 1189 571 ἀγειρομένων,
1229 508 1327 554 τοῦ
1368 501 1470 570 μὲν
1507 505 1719 555 πολλοῦ
1759 521 1913 555 κατε-

170 611 189 644 5
216 593 471 659 φρόνησα
502 589 751 660 κέρδους,
791 598 885 659 τῆς
925 587 986 643 δὲ
1026 597 1216 658 κοινῆς
1256 589 1557 659 ἀσφαλείας
1597 589 1914 644 ἀντεποιού-

213 698 323 748 μην
361 676 451 732 καὶ
491 681 624 747 μίαν
663 675 816 732 εἶδον
865 680 1137 747 σωτηρίας
1186 668 1583 748 ὁδὸν’μηδένα
1629 672 1771 732 εἶναι
1818 687 1913 749 τῆς

212 770 422 830 πόλεως
474 765 575 831 ἔξω
630 768 767 837 μηδὲ
820 771 951 830 τοὺς
1011 769 1104 820 διὰ
1157 769 1539 834 συκοφαντίαν
1601 769 1913 838 φεύγοντας

211 859 541 926 προσθήκην
567 856 664 910 ἐᾶν
688 865 804 920 τοῖς
826 860 1110 926 πολεμίοις
1133 856 1397 925 γενέσθαι
1419 857 1678 926 μεγάλην.
1714 857 1796 910 11.
1818 858 1912 910 διὰ

211 953 382 999 ταῦτα
422 948 830 1017 φιλανθρώπου
869 955 1057 1015 τυχεῖν
1095 944 1301 1014 ἠξίωσα
1334 948 1528 1015 ψήφου
1561 945 1783 1015 ἀνδρῶν
1822 946 1910 999 εὐ-

147 1056 190 1089 10
213 1037 442 1104 χόμενος
498 1035 600 1103 τὴν
644 1037 809 1088 πόλιν
855 1038 1067 1103 μᾶλλον
1113 1037 1387 1102 γενναίων
1440 1033 1579 1103 ὁρᾶν
1632 1037 1911 1102 γέμουσαν

211 1124 244 1193 ἢ
283 1124 528 1176 πλούτου
569 1125 818 1192 μείζονος
852 1124 954 1192 τὴν
987 1121 1123 1192 ἐμὴν
1155 1123 1549 1176 ἀπολαύουσαν
1582 1124 1777 1176 οἰκίαν.
1817 1122 1910 1176 καὶ

211 1212 313 1266 οὐκ
359 1209 616 1281 ἐγὼμὲν
664 1212 862 1280 οὕτως,
911 1211 1181 1281 ἐμέμφετο
1229 1210 1295 1264 δέ
1339 1233 1448 1281 μου
1495 1214 1597 1280 τὴν
1643 1214 1829 1279 κρίσιν
1878 1211 1907 1266 ὁ

212 1303 401 1371 δῆμος,
441 1301 580 1355 ἀλλὰ
620 1310 714 1371 τῆς
754 1302 878 1373 περὶ
926 1302 1025 1355 τὸν
1071 1303 1315 1368 πόλεμον
1362 1301 1627 1371 εὐψυχίας
1667 1306 1910 1371 λαμπρο-

213 1390 379 1460 τέραν
417 1392 520 1459 τὴν
558 1391 683 1460 περὶ
723 1399 817 1460 τῆς
865 1392 1074 1461 δωρεᾶς
1123 1390 1367 1457 ἐνόμιζεν
1414 1390 1633 1459 αἴτησιν
1678 1391 1770 1443 καὶ
1816 1391 1909 1444 διὰ

135 1499 187 1533 ,15
211 1481 382 1533 ταῦτά
418 1499 486 1547 με
524 1482 699 1546 μόνον
739 1480 963 1548 εὔνουν,
1002 1482 1176 1546 μόνον
1217 1481 1540 1549 φιλόπολιν,
1578 1480 1754 1546 μόνον
1787 1478 1906 1532 ε’κά-

209 1573 292 1621 λει
341 1564 685 1636 δημοτικόν.ι
731 1569 813 1621 12.
854 1568 928 1631 ὡς
976 1568 1038 1622 δὲ
1085 1569 1294 1638 πλήρης
1339 1563 1410 1635 ἦν
1455 1577 1567 1621 τῶν
1613 1569 1833 1621 οἰκείων
1871 1568 1904 1637 ἡ

207 1659 388 1724 πόλις,
434 1660 565 1719 τοὺς
611 1654 713 1726 μὲν
763 1658 1018 1727 φυγάδας
1064 1657 1092 1710 ὁ
1141 1658 1313 1726 δῆμος
1359 1657 1507 1727 ὁρῶν
1552 1665 1647 1726 τῆς
1700 1655 1906 1726 ἔχθρας

211 1745 615 1799 ἐπελανθάνετο
656 1747 747 1799 καὶ
786 1749 1012 1808 πολίτας
1052 1746 1232 1799 ἐκάλει
1271 1746 1564 1815 χρηστούς,
1612 1746 1663 1799 οἱ
1705 1743 1766 1799 δὲ
1803 1747 1903 1814 τὴν

208 1833 520 1903 μέλλουσαν
546 1835 689 1888 ι’δεῖν
721 1835 959 1904 ηὔχοντο
985 1836 1164 1904 μάχην
1195 1834 1434 1903 ἀμοιβὴν
1466 1843 1559 1903 τῆς
1591 1834 1906 1904 εὐεργεσίας

141 1944 184 1977 20
207 1924 308 1991 τὴν
353 1925 677 1994 προθυμίαν
724 1924 1006 1995 εἰσφέρειν
1053 1925 1467 1989 σπουδάζοντες.
1523 1923 1796 1992 φανέντος
1842 1920 1905 1977 δὲ

206 2018 306 2063 τοῦ
345 2019 540 2082 καιροῦ
579 2012 671 2066 καὶ
712 2022 824 2066 τῶν
874 2015 1151 2080 πολεμίων
1198 2013 1337 2082 ἡμᾶς
1383 2009 1551 2075 αὖθις
1597 2011 1904 2082 ἐπιτρεχόν-

206 2119 316 2152 των
355 2100 444 2153 καὶ
484 2102 703 2169 μείζονα
746 2107 942 2155 λυπεῖν
975 2098 1055 2155 ὧν
1085 2100 1303 2155 ἔπαθον
1337 2101 1665 2165 ἐλπιζόντων
1696 2111 1900 2171 πρῶτοι

327 2266 349 2302 1
392 2262 477 2305 οὐκ
517 2261 704 2317 reposui
744 2275 799 2305 ex
823 2263 1091 2307 HViAGlB
1106 2263 1173 2306 Va
1249 2262 1358 2306 οὐδὲ
1386 2263 1446 2306 Μ
1474 2261 1565 2305 edd
1709 2265 1734 2304 3
1775 2261 1902 2317 ἔμελε

208 2318 374 2375 scripsi
413 2333 519 2363 cum
555 2320 767 2365 Iacobsio
809 2322 936 2364 Ant-,h
967 2321 1053 2364 Pal
1084 2320 1148 2363 III
1175 2325 1261 2366 489
1306 2322 1353 2366 e*
1393 2320 1567 2365 Cobcto
1608 2319 1709 2364 0011
1729 2324 1825 2364 -296

207 2377 359 2435 ἔμελλε
389 2377 499 2422 libri
532 2379 621 2423 edd
655 2380 737 2424 scd.
769 2381 876 2424 anie
907 2380 959 2423 id
989 2379 1116 2437 ἥξειν
1141 2380 1367 2424 excidisse
1400 2379 1504 2424 coni
1527 2379 1596 2423 Re
1717 2384 1744 2422 4
1776 2379 1902 2436 ἀγει-

206 2436 414 2493 ρομένων
447 2438 612 2494 scripsi
643 2453 699 2482 cx
723 2440 780 2483 H
786 2441 843 2484 Vi
880 2453 986 2483 cum
1018 2439 1192 2484 Cobeto
1224 2440 1342 2483 Misc
1368 2444 1451 2483 156
1529 2437 1830 2495 ἐγειρομένων
1856 2439 1901 2484 Α

208 2496 451 2541 OlBVaM
481 2497 573 2540 edd
716 2503 742 2541 5
784 2497 1007 2554 ὠφελείας
1030 2499 1157 2543 BVa
1299 2503 1322 2542 7
1363 2497 1423 2554 μὴ
1465 2496 1516 2542 δὲ
1540 2498 1762 2542 HVz‘GlB

205 2560 232 2599 8
264 2571 342 2612 μοι
376 2557 433 2600 Vi
468 2557 474 2612 Ι
510 2557 739 2600 διαταῦτα
771 2558 875 2602 ViB
999 2562 1024 2601 9
1059 2556 1301 2614 ἐφιέμενος
1328 2557 1380 2603 ΟΖ
1501 2561 1555 2600 10
1588 2556 1709 2609 ὁρῶν
1735 2557 1781 2600 Β
1823 2589 1825 2591 -

207 2619 260 2657 11
294 2616 519 2670 punctum
551 2617 658 2671 post
690 2614 844 2660 οἰκίαν
868 2617 1018 2673 posui,
1052 2619 1162 2660 ante
1194 2614 1349 2661 οἰκίαν
1373 2616 1476 2659 Mor
1499 2615 1565 2658 Re
1682 2620 1735 2659 13
1769 2615 1897 2662 εὐτυ,-

205 2671 308 2730 χίας
341 2675 399 2719 Vi
520 2679 573 2717 14
605 2674 734 2729 παρὰ
767 2677 825 2720 Vi
867 2678 873 2732 Ι
912 2673 1123 2731 ἐνόμιζον
1147 2677 1273 2720 BVa
1300 2677 1307 2732 Ι
1335 2673 1563 2718 διαταῦτά
1588 2675 1633 2718 Β
1757 2679 1810 2718 15
1843 2690 1897 2730 με

206 2733 379 2776 inserui
404 2746 459 2776 ex
478 2734 536 2777 H
542 2734 747 2779 ViAC'lB
759 2735 827 2779 Va
889 2748 964 2778 om
983 2736 1045 2778 M
1065 2734 1156 2778 edd
1279 2739 1334 2778 16
1366 2733 1451 2790 τὴν
1475 2735 1585 2777 ante
1608 2740 1700 2777 τῶν
1728 2733 1788 2783 ΟΖ,

208 2795 260 2834 17
303 2788 354 2835 δὲ
379 2791 437 2835 Η
481 2793 487 2849 Ι
537 2799 617 2849 τῆς
649 2793 719 2837 Va
757 2793 840 2838 sed
878 2800 935 2850 ῆσ
973 2794 1022 2836 in
1061 2807 1136 2837 ras
1167 2793 1238 2837 m²
1382 2797 1435 2836 19
1476 2792 1665 2849 εὔχοντο
1699 2792 1758 2836 Vi

207 2853 262 2892 20
296 2849 639 2904 σπουδάζοντος
671 2853 727 2899 Vi
808 2901 811 2904 ,
847 2856 901 2895 21
934 2861 1026 2896 τῶν
1058 2852 1109 2895 in
1140 2867 1212 2897 ras
1247 2851 1339 2898 Va²
1372 2855 1378 2908 Ι
1416 2851 1537 2908 ἡμᾶς
1567 2848 1710 2900 αὖθις
1740 2851 1791 2893 in
1820 2864 1895 2894 ras

215 2907 305 2952 ῘΤα2
331 2910 338 2965 Ι
367 2906 510 2959 αὖθις
542 2909 875 2969 ἐπιτρεχόντων
907 2911 1027 2967 ἡμᾶς
1060 2913 1119 2957 Vi
