2014 3158
254 125 367 178 450
598 108 600 111 ’
668 124 930 184 [LIBANII]
962 123 1355 169 DECLAMATIO
1387 125 1531 169 XLIII

253 262 413 330 δίκην
459 258 549 313 καὶ
597 266 774 323 καλῶς
819 260 1184 314 ἀποκτείνασα
1229 262 1359 322 τοὺς
1405 257 1526 329 μήτ’
1573 260 1746 328 αὐτὴν
1791 264 1944 313 λελυ-

252 351 489 418 πηκότας
528 352 660 418 μήτε
705 350 807 418 τὴν
852 352 1018 403 πόλιν
1065 349 1392 418 ἠδικηκότας
1438 347 1603 419 ἑαυτῇ
1650 349 1752 418 μὲν
1796 366 1947 418 περι-

252 448 488 492 ποιεῖται
527 439 743 508 παῖδας,
782 437 917 508 ὑμῖν
957 436 1016 491 δὲ
1055 439 1293 501 πολίτας.

363 527 451 579 22.
489 525 623 580 Ἀλλ’
666 525 912 580 ἐνταῦθά
951 547 1044 596 μοι
1083 527 1534 595 προσεπιπηδῶσι
1571 534 1645 599 τῷ
1679 529 1823 598 λόγῳ
1854 524 1945 580 καὶ

163 619 391 665 RIV805
431 623 527 685 τῆς
572 617 793 684 γνώμης
826 614 834 687 Ι
869 615 1234 683 ἐκκρούουσιν
1280 616 1332 669 οἱ
1386 613 1478 668 καὶ
1529 618 1687 684 μέχρι
1731 616 1949 668 παίδων

208 727 228 758 6
252 706 354 773 τὴν
399 706 705 774 τυραννίδα
750 710 1032 758 ποιεῖσθαι
1082 707 1447 773 σκηπτόμενοι
1492 702 1583 756 καὶ
1630 705 1730 758 τὸν
1781 711 1946 757 τοῦτο

252 792 483 861 λέγοντα
529 795 705 861 νόμον
752 794 825 856 ὡς
873 793 958 846 ἐπὶ
1004 794 1223 855 τούτοις
1268 793 1692 867 προβάλλονται.
1739 792 1844 860 ἐγὼ
1885 789 1946 845 δὲ

251 878 376 935 οἴδα
414 879 516 948 μὲν
554 882 615 934 τὸ
655 882 898 952 γράμμα,
946 878 1071 935 οἶδα
1110 880 1160 934 δ’
1207 880 1291 951 ἐφ’
1340 875 1423 945 οἷς
1469 883 1576 952 ἄρα
1621 881 1711 934 καὶ
1758 880 1947 950 γε’γρα-

250 988 393 1023 πται.
449 970 847 1024 ἀποκτιννύναι
887 973 1018 1033 τοὺς
1056 980 1168 1024 τῶν
1206 972 1639 1039 τυραννούντων
1677 972 1878 1033 παῖδας
1916 970 1945 1023 ὁ

187 1081 230 1113 ιο
252 1060 420 1126 νόμος
458 1059 717 1127 βούλεται
755 1058 881 1127 μέν,
922 1057 1040 1113 ἀλλ’
1087 1059 1293 1113 ὁπόταν
1338 1062 1472 1127 μετὰ
1517 1069 1630 1113 τῶν
1675 1062 1947 1113 τεκόντων

252 1147 499 1201 ἀδικοῖεν
537 1149 637 1216 τὴν
676 1150 864 1216 πόλιν,
905 1146 1021 1200 ἀλλ’
1069 1148 1274 1201 ὁπόταν
1312 1149 1379 1201 τὰ
1415 1158 1528 1202 τῶν
1566 1147 1820 1218 πατέρων
1857 1168 1944 1216 μι-

251 1244 443 1305 μοῖντο
490 1235 580 1289 καὶ
626 1237 691 1289 τὰ
745 1237 1174 1305 τυραννούντων
1227 1246 1559 1307 κακουργεῖν
1615 1236 1945 1306 ἐπιχειροῖεν

250 1326 381 1387 τούς
427 1345 484 1378 τε
531 1327 738 1393 νόμους
784 1326 1273 1394 μετασκευάζοντες
1317 1326 1407 1378 καὶ
1460 1328 1591 1388 τοὺς
1643 1332 1738 1393 τῆς
1790 1329 1945 1378 πολι-

250 1417 395 1476 τείας
441 1416 685 1482 θεσμοὺς
733 1415 1164 1483 διαγράφοντες,
1211 1413 1303 1467 καὶ-
1351 1415 1490 1476 ὅλως
1541 1414 1675 1467 ὅταν
1712 1414 1744 1482 ἡ
1791 1415 1948 1475 πόλις

187 1525 228 1558 15
254 1505 331 1565 εἰς
381 1504 552 1555 κακόν
605 1522 658 1555 τι
705 1503 794 1556 καὶ
841 1503 1054 1555 τούτων
1101 1502 1391 1571 ἀπόναιτο,
1445 1506 1566 1556 τότε
1612 1500 1702 1555 καὶ
1752 1506 1947 1564 παῖδες

251 1592 520 1658 τύραννοι
559 1592 691 1658 μετὰ
737 1592 943 1661 πατρὸς
989 1600 1402 1660 τυραννοῦντος
1447 1590 1807 1644 πιπτέτωσαν.
1863 1583 1946 1653 οἷς

251 1681 356 1748 γὰρ
403 1688 653 1748 μετεῖχον
699 1687 797 1732 τοῦ
848 1681 1262 1749 πονηρεύματος
1310 1681 1529 1742 εἰκότως
1576 1678 1667 1732 καὶ
1717 1687 1815 1733 τοῦ
1854 1697 1945 1731 πε-

253 1778 371 1821 σεῖν
418 1767 877 1837 συμμεθέξουσιν.
940 1769 1025 1821 23.
1066 1770 1114 1821 εἰ
1153 1769 1255 1838 μὲν
1294 1765 1397 1823 οὖν
1437 1766 1576 1837 ἔχεις
1607 1789 1659 1821 τι
1698 1767 1788 1821 καὶ
1820 1769 1945 1822 τού-

251 1876 364 1910 των
411 1859 608 1925 εῑπεῖν,
661 1854 703 1910 ὦ
750 1859 1041 1927 κατήγορε,
1081 1850 1164 1920 οἷς
1210 1857 1238 1910 ὁ
1286 1856 1496 1927 ξύμπας
1550 1858 1722 1926 δῆμος
1767 1856 1800 1925 ἢ
1853 1854 1941 1909 καὶ

187 1968 229 2000 20
252 1954 365 1999 τῶν
402 1945 715 1999 καθέκαστά
760 1966 843 2008 τις
890 1948 1060 2013 μόνος
1097 1945 1196 2016 ὑφ’
1241 1947 1414 2008 οὕτως
1460 1946 1688 2008 ἀτελοῦς
1732 1945 1946 2014 ἡλικίας

252 2035 421 2102 τυχὸν
459 2035 859 2103 περιύβρισται,
899 2034 1069 2102 ἡκέτω
1109 2031 1210 2101 μὲν
1249 2034 1278 2087 ὁ
1309 2035 1510 2087 παθὼν
1549 2032 1639 2087 καὶ
1678 2034 1943 2087 δεικνύτω

259 2117 612 2189 W
644 2150 689 2191 p.
716 2140 817 2189 327,
838 2140 861 2179 7
884 2151 949 2191 sq.

375 2229 397 2266 1
439 2221 489 2266 δὲ
530 2226 639 2279 post
675 2225 785 2274 τοὺς
809 2225 988 2268 MoMu
1024 2224 1090 2268 Re
1169 2223 1319 2268 delevi
1395 2222 1555 2272 τούς-δε
1596 2221 1700 2266 coni
1741 2221 1944 2265 Sintcnis

373 2286 400 2324 4
434 2284 734 2338 προσπηδῶσι
766 2283 856 2327 Vat
999 2288 1023 2326 6
1065 2283 1347 2327 ἀπολεῖσθαι
1378 2282 1543 2325 Iacobs
1575 2283 1680 2338 App
1711 2281 1824 2325 Pors
1858 2285 1943 2324 329

253 2341 380 2394 Lcct,
457 2345 724 2386 πτοιεῖσθαι
757 2341 898 2385 Schul
1043 2347 1067 2385 9
1106 2344 1334 2398 punctum
1365 2344 1474 2397 post
1509 2339 1764 2397 γέγραπται
1794 2339 1943 2396 posui,

254 2400 388 2443 colon
413 2401 504 2444 Ma
536 2400 740 2444 Sintcnis
803 2415 878 2446 om
909 2401 1079 2456 reliqui
1111 2401 1220 2445 libri
1250 2401 1318 2444 Re
1346 2404 1351 2457 Ι
1389 2400 1746 2455 τυραννούντων
1779 2399 1944 2455 scripsi

255 2473 278 2503 c
298 2459 541 2504 MaOlVat
599 2459 842 2514 τυράννων
860 2460 1040 2504 MoMu
1057 2460 1124 2504 Rc
1247 2464 1301 2503 10
1327 2458 1465 2504 ὁπότε
1489 2458 1648 2502 Iacobs
1673 2458 1785 2502 Lcct
1803 2457 1943 2501 Schul

258 2519 262 2576 Ι
298 2518 411 2574 μετὰ
442 2525 533 2562 τῶν
572 2516 799 2563 τεκόντων
844 2519 1009 2575 scripsi
1041 2532 1065 2562 e
1090 2519 1237 2564 Maol
1249 2520 1335 2563 Vat
1407 2517 1466 2561 τὰ
1500 2525 1591 2561 τῶν
1622 2516 1834 2571 πατέρων
1858 2518 1942 2560 Mo

254 2578 346 2621 Mu
369 2578 436 2620 Re
560 2583 611 2621 11
646 2578 857 2622 ἀδικοῖεν
882 2604 937 2609 -
961 2577 1174 2633 πατέρων
1205 2576 1379 2621 inserui
1403 2590 1428 2620 c
1455 2577 1698 2621 MaCzVat
1757 2590 1831 2619 om
1858 2576 1943 2620 Mo

254 2638 347 2679 Mu
370 2636 437 2679 Re
560 2641 613 2679 12
642 2637 1017 2694 τυραννούντων]
1042 2644 1135 2680 τῶν
1160 2636 1431 2692 κακούργων
1450 2637 1538 2679 Vat
1659 2640 1713 2678 14
1737 2634 1942 2691 θερμοὺς

254 2696 339 2739 Mo
372 2696 451 2738 scd
485 2710 511 2738 σ
535 2708 674 2751 supra
699 2712 723 2750 ρ
748 2695 899 2738 Hardt
927 2700 932 2750 Ι
963 2693 1034 2739 ὅτε
1064 2695 1225 2740 Iacobs
1257 2695 1305 2738 ll.
1337 2694 1386 2737 ll.
1512 2700 1563 2738 15
1597 2694 1662 2745 εἰς
1693 2693 1941 2737 delendum

255 2756 412 2797 censet
437 2754 639 2798 Sintenis
763 2759 816 2797 16
850 2751 919 2804 οἷς
941 2754 1016 2797 vel
1040 2754 1088 2797 in
1114 2756 1174 2806 ὡς
1197 2754 1472 2797 mutandum
1505 2753 1608 2796 coni
1638 2752 1800 2796 Iacobs
1831 2752 1944 2795 Lcct

256 2811 395 2855 Schul
433 2813 505 2856 vcl
543 2813 592 2855 in
633 2812 678 2856 οἱ
709 2812 737 2855 i.
773 2826 810 2856 e.
845 2812 889 2856 οἳ
929 2813 1070 2856 Schul
1110 2816 1160 2857 at
1200 2813 1256 2857 cf.
1289 2827 1333 2868 p.
1359 2817 1505 2864 440,6
1547 2813 1593 2855 et
1627 2816 1702 2865 123
1743 2815 1940 2865 446,10;

254 2875 354 2923 454,
375 2876 427 2914 13
552 2875 605 2914 18
637 2870 681 2915 τί
706 2872 1042 2916 MaGlVatMu
1174 2877 1228 2915 19
1262 2868 1316 2930 ὦ]
1350 2871 1411 2922 ὡς
1437 2873 1527 2915 Mu
1567 2870 1575 2927 Ι
1618 2867 1687 2921 οἷς
1719 2869 1882 2925 scripsi

255 2931 314 2979 ὡς
345 2930 454 2974 libri
486 2930 551 2974 Re
580 2932 585 2987 1
615 2929 638 2973 ὁ
673 2944 747 2973 om
781 2931 867 2974 Vat
893 2933 901 2985 Ι
928 2931 1007 2974 καὶ
1039 2945 1114 2974 om
1140 2931 1229 2974 Ma
1350 2934 1405 2973 20
1441 2926 1559 2973 καθ’
1589 2928 1811 2972 ἔκαστονῖ
