2044 3168
979 790 1252 845 XXXVII.

301 975 304 978 Δ
380 914 688 963 Declamatio
727 915 968 977 inscripta
1006 914 1305 974 Πλούσιος
1343 912 1695 981 ἀριστεύσας
1741 910 1957 985 ᾔτησεν

269 988 353 1048 εἰς
383 987 488 1052 τὴν
514 987 740 1055 δωρεὰν
763 987 899 1046 τοὺς
925 988 1196 1054 φυγάδας
1220 988 1588 1038 ἐπανελθεῖν.
1621 982 1802 1049 αὖθις
1834 987 1958 1056 ἀρι-

269 1062 515 1121 στεύσας
547 1058 726 1132 ᾔτησε
758 1061 895 1120 τοὺς
927 1060 1176 1127 ἀτίμους
1205 1062 1480 1127 ἐντίμους
1511 1061 1808 1129 γενέσθαι.
1841 1064 1958 1131 τρί-

268 1154 369 1193 τον
423 1135 771 1203 ἀριστεύσας
824 1135 921 1185 καὶ
976 1136 1287 1201 δεσμωτῶν
1341 1136 1735 1202 αἰτησάμενος
1789 1138 1958 1188 λύσιν

267 1211 628 1277 τυραννίδος
660 1208 982 1269 ἐπιθέσεως
1013 1209 1124 1260 ὑπὸ
1156 1211 1405 1279 ῥήτορος
1435 1212 1721 1278 κρίνεται,
1755 1228 1854 1275 qua
1885 1213 1957 1261 di-

267 1302 351 1335 ves
397 1286 590 1335 iuvenis
637 1285 782 1334 fortis
829 1286 1060 1348 praemiis
1099 1287 1301 1335 virtutis
1339 1289 1415 1335 ter
1460 1287 1632 1350 petitis
1678 1287 1958 1349 tyrannidis

268 1360 528 1409 affectatae
560 1362 818 1409 accusatus
850 1376 900 1408 se
926 1359 1160 1423 defendit,
1192 1363 1249 1408 ut
1279 1361 1522 1424 singulari
1553 1364 1658 1410 arte
1687 1361 1959 1424 composita

268 1436 356 1496 est,
387 1435 461 1483 ita
491 1435 768 1483 multorum
799 1435 1012 1497 gratiam
1043 1434 1158 1482 iniit
1190 1436 1442 1483 lectorum.
1494 1435 1672 1497 Itaque
1703 1451 1803 1484 non
1835 1431 1957 1484 ‘cor-

266 1505 420 1571 poris'
453 1509 630 1558 finibus
663 1510 877 1558 coercita
907 1510 1093 1557 mansit
1124 1510 1209 1557 sed
1246 1511 1298 1557 in
1330 1510 1498 1572 plures
1530 1511 1733 1558 transiit
1763 1511 1957 1574 eclogas

267 1585 486 1646 satisque
518 1599 729 1647 magnus
755 1585 829 1631 est
851 1599 1083 1631 numerus
1110 1583 1333 1632 codicum
1359 1584 1535 1646 quibus
1569 1584 1633 1633 ad
1662 1585 1789 1633 hanc
1822 1586 1956 1632 aeta-

183 1723 186 1727 .
265 1660 366 1706 tem
398 1657 637 1720 pervenit.
701 1656 828 1706 Sunt
859 1660 1026 1706 autem
1055 1657 1109 1706 hi
1141 1659 1233 1706 28:

378 1732 567 1794 Incipio
602 1749 630 1779 a
665 1727 1056 1794 ‘corporalibus'.

382 1808 426 1854 1.
463 1806 1054 1868 Hierosolymitanus
1088 1806 1134 1854 S.
1169 1805 1374 1855 Crucis
1413 1807 1485 1854 57
1529 1799 1623 1873 (=
1651 1800 1738 1873 Cr)
1780 1806 1957 1868 palim-

265 1882 457 1942 psestus
490 1881 674 1930 saeculi
704 1874 894 1945 XIJXII
926 1882 1144 1928 continet
1182 1881 1302 1928 folio
1340 1883 1452 1929 77vr
1482 1881 1683 1930 initium
1714 1881 1956 1929 declama-

265 1954 415 2002 tionis
454 1955 567 2002 inde
601 1971 630 2002 a
660 1971 706 2016 p.
736 1956 905 2015 24o,7
946 1949 1000 2002 Ὅ
1034 1951 1122 2018 μὲν
1160 1952 1365 2018 εὐσεβὴς
1403 1971 1559 2017 usque
1601 1954 1664 2002 ad
1706 1971 1752 2017 p.
1781 1955 1953 2016 245,5

265 2035 362 2076 τῶν
401 2029 556 2092 βελῶν
596 2031 645 2076 et
682 2028 803 2077 folio
839 2029 954 2077 68η
982 2031 1176 2092 partem
1215 2030 1538 2091 posteriorem
1578 2029 1663 2077 sed
1697 2029 1824 2077 hanc
1854 2030 1956 2077 fere

267 2103 464 2150 omnino
498 2102 738 2163 abrasam,
770 2105 827 2150 ut
856 2105 909 2150 in
939 2103 1060 2151 folio
1095 2104 1190 2151 68v
1220 2103 1370 2164 nihil,
1399 2103 1452 2151 in
1484 2103 1605 2151 folio
1641 2104 1730 2151 681Γ
1760 2105 1956 2151 tantum

264 2176 414 2224 verba
439 2193 485 2238 p.
507 2178 670 2237 254‚5
691 2193 760 2238 sq.
788 2175 925 2239 μόλις
948 2174 1312 2242 ἀπαλλαγέντες.
1340 2176 1411 2225 ὅτι
1437 2173 1524 2240 μὲν
1549 2167 1640 2225 οὖν
1664 2176 1956 2242 τυραννίδος

266 2249 390 2314 ἔχειν
421 2250 760 2312 dispiciantur.
802 2251 927 2299 Vide
950 2253 985 2299 t.
1011 2252 1057 2298 V
1080 2268 1125 2314 p.
1156 2253 1259 2299 154
1278 2267 1348 2314 sq.
1390 2252 1595 2300 Excussi
1626 2253 1675 2299 et
1699 2267 1825 2312 quae
1857 2251 1956 2314 legi

265 2326 535 2386 potuerunt
568 2325 817 2373 adnotavi.

380 2400 425 2446 2.
457 2398 1052 2459 Hierosolymitanus
1087 2399 1133 2447 S.
1169 2398 1450 2461 Sepulcri
1482 2400 1584 2448 107
1612 2390 1706 2464 (=
1731 2391 1804 2465 H)
1830 2413 1952 2446 saec.

266 2471 384 2519 XIV
415 2472 499 2520 fol.
529 2474 647 2521 130.
712 2472 836 2519 Vide
868 2475 903 2521 t.
930 2473 975 2518 V
1005 2490 1053 2534 p.
1082 2475 1187 2522 150
1205 2488 1275 2535 sq.
1338 2472 1551 2521 Contuli.

379 2548 424 2595 3.
457 2546 901 2594 Laurentianus
934 2546 1075 2595 LVII
1109 2549 1174 2595 27
1217 2563 1346 2595 anno
1391 2548 1528 2594 1392
1572 2562 1596 2592 e
1639 2545 1803 2595 codice
1843 2562 1953 2594 cum

266 2619 342 2668 his
374 2622 584 2684 cognato
617 2620 890 2682 descriptus
922 2621 1006 2668 fol.
1035 2622 1117 2670 53.
1180 2621 1304 2668 Vide
1337 2623 1371 2668 t.
1397 2620 1422 2667 Ι
1454 2637 1499 2682 p.
1528 2621 1593 2667 59
1615 2635 1685 2681 sq.

377 2695 451 2741 Ex
481 2694 574 2742 hoc
606 2694 878 2755 descriptus
905 2696 979 2742 est

377 2770 424 2815 4.
457 2767 1048 2816 Wolfenbuttelanus
1069 2768 1171 2816 511
1201 2767 1509 2819 Gudianus
1535 2784 1605 2831 gr.
1628 2769 1692 2815 77
1721 2783 1842 2816 saec.
1860 2767 1952 2815 XV

266 2841 349 2888 fol.
378 2843 442 2889 57
449 2843 483 2888 v·
523 2842 651 2889 Vide
682 2844 716 2889 t.
742 2841 766 2889 I
789 2858 836 2903 p.
865 2843 930 2889 59
951 2857 1021 2903 sq.
1064 2841 1287 2891 Contulit
1309 2841 1510 2890 Reiskia
1534 2843 1586 2889 in
1609 2857 1752 2890 usum
1785 2841 1955 2889 mariti

266 2915 351 2976 qui
383 2931 494 2962 eum
525 2916 695 2963 littera
727 2915 789 2961 W
822 2915 1092 2979 insignivit.
