2020 3146
191 115 193 118 ·
282 100 628 147 OLEAGINAE
660 99 952 144 CORONAE
981 97 1295 143 PETITORIS
1327 95 1653 141 ABDICATIO
1746 94 1816 148 87

117 246 245 291 τῶν
301 235 785 306 δανειζομένων
842 236 1120 305 δάκρυσι
1182 234 1385 304 μηδὲν
1447 231 1816 301 ἐνδιδόναι,

117 328 410 394 νομίζειν
467 326 535 379 δὲ
587 326 742 388 τοὺς
794 326 1031 386 τόκους
1083 333 1211 376 τῶν
1265 323 1554 393 ἀρχαίων
1607 321 1816 391 μέρος.

116 416 314 469 καλὸν
353 415 471 483 μὲν
510 410 628 468 οὗν
666 411 772 466 καὶ
811 413 845 482 ἡ
889 423 1016 466 τῶν
1054 413 1490 481 ὑπαρχόντων
1529 413 1816 480 φυλακή,

115 507 334 575 πολλῷ
374 501 443 556 δὲ
481 503 674 571 ’ἥδιον
712 503 745 572 ἡ
786 510 1021 571 κτῆσις.
1096 501 1180 554 16.
1219 503 1292 554 τὰ
1331 498 1446 568 μὲν
1495 496 1615 554 οὖν
1654 502 1818 554 ἄλλα

117 595 341 655 ἄλλοις
380 594 538 661 ἄφες
576 593 812 661 αἰσχρὰ
859 593 1186 660 νομίζειν,
1226 591 1420 653 αὐτὸς
1468 588 1535 643 δὲ
1584 591 1809 659 αἰσχύ·
1858 609 1878 642 5

115 702 234 735 νου
282 680 387 735 καὶ
435 678 539 748 ἐμὲ
591 679 698 733 καὶ
752 681 870 748 τὴν
923 679 1166 750 μητέρα
1219 678 1325 732 καὶ
1373 682 1490 748 τὴν
1542 688 1663 748 γῆν
1708 677 1815 732 καὶ

115 771 229 824 τὸν
265 771 455 839 ἥλιον
493 768 598 822 καὶ
639 770 907 837 σαυτόν,
955 768 1032 837 ἢν
1070 770 1150 838 μὴ
1191 771 1384 837 μείζω
1433 776 1623 838 ποιῇς
1662 766 1816 837 παρ’

114 859 357 928 ἡμέραν
396 860 512 927 τὴν
552 858 785 912 οὐσίαν
825 858 1204 927 λαμβάνων,
1242 859 1466 925 αἰτῶν,
1508 857 1814 928 εἰσπράτ-

114 969 263 1016 των,
303 947 604 1017 ἀγείρων,
644 948 851 1001 πάντα
891 949 984 1009 εἰς
1023 948 1139 1016 τὴν
1172 948 1659 1016 κερδαίνουσαν
1695 948 1815 1014 πή-

114 1057 234 1107 ραν
265 1036 468 1090 ὠθεῖν
500 1035 711 1099 ἀξιῶν.
743 1033 1025 1106 ἕρρωταί
1053 1049 1158 1089 σοι
1189 1037 1257 1089 τὸ
1292 1046 1484 1104 σῶμα.
1527 1036 1810 1089 δύνασαι
1838 1056 1880 1088 10

112 1134 355 1179 πονεῖν.
396 1123 578 1178 ἔστιν
616 1124 770 1193 ἡμῖν
809 1126 1068 1195 χωρίον.
1109 1124 1268 1195 ὁρᾷς
1299 1124 1416 1193 τὴν
1449 1123 1607 1193 ἐμὴν
1639 1123 1811 1177 ὁδόν.

113 1216 193 1283 μὴ
233 1213 387 1284 γένῃ
419 1216 614 1276 κακὸς
645 1215 735 1276 εἰς
767 1214 881 1267 τὸν
914 1216 1122 1282 ζῆλον.
1162 1217 1414 1282 μᾶλλον
1447 1213 1813 1279 ὑπόμεινον

113 1307 363 1372 πλῆθος
425 1303 811 1373 τραυμάτων
864 1303 897 1372 ἢ
953 1303 1238 1372 δραχμῆς
1286 1302 1677 1369 ἀποστῆναι.
1738 1303 1812 1355 τὰ

113 1389 228 1461 μὲν
275 1394 394 1461 γὰρ
442 1397 621 1444 ἰάσιν
668 1391 925 1460 δέχεται
972 1397 1179 1464 μικρῷ
1225 1391 1566 1463 φαρμάκῳ,
1621 1392 1694 1443 τὰ
1742 1392 1812 1445 δὲ

113 1486 375 1550 οἴχεται.
1836 1502 1877 1535 15

228 1570 311 1623 17.
375 1568 534 1622 Ταῦτ’
581 1565 651 1638 ἦν
696 1570 829 1638 ἡμῖν
883 1570 970 1623 ἐπὶ
1025 1576 1100 1641 τῷ
1155 1571 1360 1642 δείπνῳ
1417 1570 1555 1636 πρὸς
1608 1577 1811 1623 τοῦτον

185 1761 435 1864 12292I)8em.
475 1760 658 1805 Phorm.
702 1775 745 1818 p.
780 1765 986 1814 914‚30;
1034 1759 1234 1804 Nicostr.
1278 1775 1324 1816 p.
1361 1765 1564 1816 1253‚8;
1613 1760 1804 1817 Dionys.

112 1835 156 1876 P·
303 1855 313 1875 2

233 1990 255 2028 1
291 1983 531 2038 δάκρυσι
554 1982 668 2039 λέγε,
694 1983 754 2039 μὴ
780 1983 1068 2039 δακρύοις.
1100 1980 1345 2039 ποιητικὸν
1377 1981 1467 2039 γάρ
1486 1983 1531 2027 Β
1556 1982 1805 2039 (=Thom.

113 2043 174 2087 M.
197 2043 229 2087 l.
254 2043 302 2100 l.)
426 2048 450 2086 2
482 2051 574 2086 τῶν
607 2042 831 2101 ἀρχαίων]
868 2041 970 2097 ἤτοι
998 2050 1081 2086 τοῦ
1113 2041 1371 2098 κεφαλαίου
1400 2043 1493 2086 Mm

112 2206 266 2251 verbis
298 2205 542 2262 δάκρυσι
572 2205 686 2262 λέγε,
718 2205 779 2262 μὴ
812 2206 1107 2262 δακρύοις·
1154 2206 1401 2263 ποιητικὸν
1432 2204 1534 2261 γάρ.
1584 2205 1808 2263 Λιβάνιος

113 2267 164 2311 ἐν
195 2265 353 2324 μελέτῃ
386 2272 441 2323 τῇ
478 2266 767 2322 φιλαργύρου
810 2273 922 2316 παῖς
954 2265 1226 2321 ἀριστεύσας
1255 2265 1374 2309 citat
1406 2264 1566 2308 Thom.
1601 2265 1662 2308 M.
1696 2280 1730 2309 s.
1762 2279 1804 2308 v.

111 2324 311 2381 δάκρυσι
342 2341 386 2382 p.
413 2330 484 2379 85,
506 2329 558 2368 14
575 2324 616 2367 R

232 2389 257 2428 2
289 2382 485 2441 νομίζων
510 2385 556 2428 Β
592 2387 598 2442 Ι
635 2384 744 2435 τοὺς
773 2381 941 2435 τόκους
971 2391 1062 2428 τῶν
1094 2381 1244 2428 τόκων
1277 2381 1487 2440 ἀρχαίων
1518 2396 1544 2427 e
1574 2383 1664 2426 Par
1690 2387 1804 2426 3017

112 2443 384 2487 Boissonad.
410 2443 583 2487 Anecd.
609 2443 651 2486 Π
675 2447 762 2486 433
883 2447 910 2485 4
942 2446 1096 2499 μεῖζον
1130 2444 1239 2487 ante
1264 2441 1401 2498 ἥδιον
1428 2443 1518 2497 La,
1549 2446 1703 2498 μεῖζον
1727 2443 1807 2485 καὶ

123 2502 235 2547 ViGl
266 2503 358 2546 edd
419 2501 571 2547 delevi
612 2504 618 2559 Ι
653 2500 800 2557 ἡδίων
826 2501 1010 2546 HVGB
1047 2505 1052 2559 Ι
1087 2510 1179 2546 τῶν
1212 2502 1296 2546 οὐκ
1330 2501 1478 2546 ὄντων
1512 2504 1622 2546 ante
1652 2502 1681 2559 ἡ
1715 2501 1807 2544 edd

171 2561 323 2606 delevi
465 2567 491 2605 5
524 2560 695 2620 αἰσχρὰ
728 2562 798 2605 Va
829 2560 911 2604 sed
943 2561 1022 2605 αἰσ
1052 2561 1102 2604 in
1133 2575 1208 2605 ras
1241 2560 1312 2604 m¹
1456 2565 1480 2603 ⁷
1511 2568 1663 2611 ποιεῖς
1685 2561 1763 2605 La
1796 2560 1801 2618 Ι

110 2617 227 2676 παρ’
254 2621 332 2665 La
363 2620 446 2664 sed
475 2618 592 2664 καθ’
622 2634 836 2676 suprascr
859 2634 896 2676 p
1027 2625 1081 2665 10
1114 2620 1250 2678 signa.
1280 2619 1662 2677 interrogationis
1700 2622 1807 2676 post

114 2686 242 2736 σῶμα
282 2682 330 2724 et
370 2684 422 2724 11
458 2687 622 2724 πονεῖν
662 2679 754 2724 edd
829 2680 1007 2735 puncta.
1044 2680 1182 2736 posui
1230 2682 1238 2737 Ι
1287 2679 1491 2723 δύνασαι
1522 2679 1581 2723 Vi
1611 2679 1694 2722 sed
1727 2695 1804 2722 ται

113 2751 254 2794 supra
285 2753 363 2783 σαι
392 2738 464 2782 m'
585 2743 637 2781 11
670 2746 823 2783 ποιεῖν
850 2738 902 2783 Ol
936 2740 942 2795 Ι
976 2739 1086 2796 ὑμῖν
1118 2739 1189 2783 Va
1251 2738 1352 2795 ἐμοὶ
1377 2739 1422 2782 Β
1466 2747 1470 2786 2
1514 2738 1701 2795 signum
1732 2736 1804 2780 in·

111 2797 441 2854 terrogabionis
478 2799 586 2854 post
625 2797 739 2842 ὁδόν
774 2798 832 2842 Vi
974 2803 1029 2841 14
1062 2797 1187 2842 ἴασιν
1221 2798 1278 2842 Vi
1321 2798 1402 2842 sed
1443 2811 1513 2848 σις
1550 2810 1692 2855 supra
1731 2811 1804 2840 σιν

112 2855 183 2900 m'
209 2859 216 2912 Ι
244 2857 337 2901 ἀπὸ
370 2864 546 2912 μικρῶν
577 2856 840 2913 φαρμάκων
873 2857 978 2900 coni
1009 2858 1076 2900 Re
1201 2862 1254 2900 16
1286 2863 1431 2900 ταῦτα
1460 2856 1601 2900 ΟΜΒ
1616 2857 1682 2900 Va
1713 2855 1803 2899 edd

171 2912 316 2959 ταῦθ’
345 2915 398 2961 01
424 2917 430 2974 Ι
457 2910 514 2972 ἦν
539 2929 614 2960 om
641 2916 692 2960 Ol
719 2916 725 2974 Ι
753 2915 829 2960 ἐπὶ
860 2914 984 2959 inser
1015 2915 1108 2960 Va'
1704 2948 1707 2950 -
