2044 3168
234 121 449 166 PATRIS
481 121 694 166 CAEDIS
726 120 924 166 FILIAE
956 120 1307 174 GENERIQUE
1339 120 1638 165 DEFENSIO
1701 121 1809 174 343

115 259 205 312 καὶ
259 259 395 311 κατὰ
449 260 624 328 νόμον
678 256 958 326 ξύνοιδεν,
1013 257 1214 311 ἐκεῖνοι
1268 254 1370 327 μὲν
1423 254 1592 312 οὐδὲν
1643 253 1810 327 ἦττον

115 344 284 410 αὖθις
323 349 665 417 οἰχήσονται,
713 347 819 416 ἐγὼ
860 345 908 400 δ’
955 347 1022 400 οὐ
1069 347 1243 417 μόνον
1288 341 1369 399 ὧν
1416 346 1633 400 ἐκεῖθεν
1675 346 1809 401 ἀπο-

114 438 375 506 κερδᾶναι
428 437 529 506 οὐχ
577 436 739 500 ὁσίως
787 438 991 505 ἤλπισα
1035 437 1184 504 παρὰ
1237 445 1348 489 τῶν
1400 436 1809 506 νομοφυλάκων

113 527 327 579 τούτων
367 525 836 594 ἀποκεκλείσομαι,
876 525 1014 578 ἀλλὰ
1050 525 1184 594 μετᾶ
1223 525 1314 578 καὶ
1360 532 1461 578 τοῦ
1500 532 1809 593 κακοῦργος

114 610 256 669 εἶναι
288 616 476 669 δοκεῖν
506 614 597 669 καὶ
629 625 741 669 τῶν
771 613 897 685 περὶ
929 616 1031 684 τὴν
1063 615 1238 685 φύσιν
1266 624 1529 683 πονηρῶν
1561 614 1589 668 ὁ
1623 616 1806 668 σκαιό-
1855 635 1874 667 5

113 724 270 768 τατος
307 703 398 758 καὶ
437 706 531 767 τὰς
570 703 659 758 ἐπὶ
698 715 814 768 τοῖς
861 704 1123 774 ἀσεβοῦσι
1170 705 1326 767 δίκας
1372 703 1669 773 ἀποίσομαι
1716 702 1807 756 καὶ

114 795 315 863 δημίου
353 792 469 864 χεὶρ
509 795 612 863 τὴν
651 792 788 863 ἐμὴν
828 793 1015 858 δεξιὰν
1052 790 1163 861 μετ’
1204 793 1271 847 οὐ
1303 794 1446 847 πολὺ
1486 790 1806 856 διαδέξεται.

113 882 199 936 35.
239 884 287 936 εἰ
328 881 390 936 δὲ
427 881 518 936 καὶ
556 890 721 937 τοῦτο
762 884 887 952 δοίη
926 903 1010 946 τις
1049 883 1122 946 ὡς
1162 884 1312 936 ἔσται
1360 902 1444 946 τις
1484 891 1597 935 τῶν
1636 881 1805 935 ἁπάν-

110 992 223 1025 των
262 972 406 1026 οὕτω
446 972 548 1040 μὲν
595 973 785 1035 ἄδικος
830 972 955 1042 περὶ
1001 975 1132 1035 τοὺς
1177 973 1401 1034 κοινοὺς
1446 979 1542 1040 τῆς
1589 973 1809 1041 φύσεως

110 1062 342 1130 νόμους,
382 1061 525 1114 οὕτω
566 1061 628 1115 δὲ
665 1070 776 1114 τῶν
815 1059 1026 1125 ἔξωθεν
1070 1070 1136 1132 τῇ
1175 1063 1332 1115 πόλει
1371 1060 1806 1131 νενομοθετημέ-
1831 1081 1874 1114 ιο

109 1170 226 1203 νων
265 1149 320 1213 ἐς
357 1150 418 1203 τὸ
467 1149 727 1220 παράπαν
772 1149 1036 1219 ἀμύητος,
1084 1148 1202 1204 ἀλλ’
1250 1146 1355 1203 οὗν
1400 1151 1463 1203 τό
1510 1169 1573 1219 γε
1619 1158 1735 1213 τοῖς
1775 1150 1804 1204 ὅ

109 1259 161 1292 τι
201 1237 292 1292 καὶ
331 1239 489 1310 τύχοι
519 1249 851 1310 κακουργεῖν
883 1237 1244 1308 βουλομένοις
1274 1240 1340 1293 τὰ
1371 1239 1605 1306 μάλιστα
1637 1253 1807 1293 σπου-

109 1330 432 1397 δαζόμενον,
481 1329 690 1398 δηλαδὴ
729 1330 791 1383 τὸ
832 1333 1031 1383 λαθεῖν
1068 1331 1452 1398 κακουργήσας
1485 1326 1492 1400 Ι
1527 1330 1624 1382 δυ-
1671 1333 1792 1378 RIV
1810 1338 1895 1378 596

111 1420 398 1487 νήσεσθαι,
436 1425 601 1472 τοῦτο
642 1418 704 1472 δὲ
741 1418 960 1481 πάντως
999 1418 1151 1481 ὅλαις
1182 1417 1253 1471 ἂν
1284 1428 1552 1488 μηχαναῖς
1591 1417 1804 1489 ἐθηρώ-

110 1528 236 1577 μην,
276 1507 348 1570 ὡς
386 1504 523 1577 μηδὲ
570 1508 671 1577 τὴν
719 1506 894 1577 ἀρχὴν
942 1507 1081 1571 ὅλως
1128 1507 1419 1578 ὁμολογεῖν
1466 1515 1565 1561 τοῦ
1608 1505 1805 1578 ξίφους
1830 1529 1871 1562 1⁵

111 1595 435 1666 ἐφάψασθαι
472 1595 564 1649 καὶ
604 1598 704 1666 τὴν
743 1599 917 1660 ὄντως
964 1596 1134 1667 ἀτυχῆ
1181 1597 1412 1666 ταυτηνὶ
1458 1595 1645 1661 δεξιὰν
1691 1595 1806 1650 ἐπι-

106 1684 493 1756 κεχρωσμένην
545 1682 626 1739 ἔτι
679 1692 754 1759 τῷ
810 1695 922 1739 τῶν
974 1687 1191 1740 παίδων
1243 1686 1438 1758 λύθρῳ
1493 1687 1805 1755 προτείνειν

107 1776 281 1844 μόνον
321 1775 388 1829 οὐ
429 1776 489 1844 τὸ
529 1783 631 1828 τοῦ
671 1776 874 1844 δημίου
915 1774 1074 1845 ξίφος
1114 1775 1289 1848 ἑαυτῷ
1330 1775 1698 1830 ἐπακονῶντα.
1731 1777 1805 1839 ὡς

109 1865 281 1933 ἔγωγε
320 1864 489 1918 οὐδὲν
531 1863 723 1935 ἕτερον
770 1864 864 1927 τὰς
913 1866 1204 1934 δυστυχεῖς
1250 1865 1453 1928 ταύτας
1498 1874 1683 1935 χεῖρας
1722 1866 1804 1918 αἰ-

227 2059 252 2098 2
285 2055 337 2099 δὲ
363 2055 408 2099 Β
441 2055 531 2100 edd
654 2059 680 2099 3
711 2055 817 2111 περὶ
844 2054 990 2100 Mac'l
1118 2060 1147 2098 4
1178 2054 1292 2112 μετὰ
1322 2056 1403 2100 καὶ
1435 2054 1601 2112 scripsi
1633 2069 1658 2099 e
1683 2056 1804 2100 LPa

110 2114 323 2159 MaGlVi
352 2113 444 2159 0011
466 2130 511 2171 p.
531 2118 669 2170 326,1
698 2115 746 2158 et
771 2119 847 2171 133
882 2118 1079 2170 327,15;
1113 2118 1310 2169 331,18;
1345 2118 1490 2169 342,ss
1516 2117 1564 2159 et
1590 2119 1666 2169 193
1701 2119 1801 2170 351,

110 2178 162 2217 17
236 2174 315 2218 καὶ
346 2172 460 2230 μετὰ
484 2174 610 2219 BVa
635 2173 726 2217 edd
870 2178 895 2217 6
929 2172 1185 2231 ἀποίσομαι
1218 2176 1308 2219 Μα
1339 2174 1420 2219 sed
1460 2191 1515 2232 γρ
1547 2175 1802 2230 ποιήσομαι

107 2247 320 2290 suprascr
349 2233 420 2276 m²
541 2237 565 2276 7
598 2249 736 2290 μετου
763 2232 885 2278 CzVi
1017 2237 1071 2278 10
1103 2234 1183 2278 καὶ
1213 2236 1323 2291 post
1354 2232 1406 2278 δὲ
1433 2235 1523 2278 Ma
1549 2236 1556 2290 Ι
1582 2239 1637 2290 τῆ
1669 2232 1802 2278 πόλει

110 2294 200 2337 Ma
231 2292 312 2336 sed
343 2299 371 2350 ῆ
405 2294 449 2336 et
483 2309 522 2337 ει
554 2292 604 2336 in
633 2306 709 2336 ras
741 2292 812 2335 111²
956 2298 1008 2337 11
1050 2292 1120 2338 ὅτι
1155 2293 1211 2338 Vi
1354 2298 1407 2336 12
1440 2293 1623 2352 τύχοιεν
1657 2292 1802 2338 Cobet

106 2351 227 2396 Misc
260 2356 341 2396 141
393 2352 400 2410 1
441 2368 498 2396 τα
530 2351 724 2407 μάλιστα
750 2352 1031 2397 LPaMaVi
1042 2353 1110 2396 Va
1132 2352 1244 2396 Ferr
1270 2352 1276 2411 Ι
1305 2350 1678 2408 σπουδαζόμενος
1700 2352 1802 2396 Mor

107 2411 188 2454 sed
220 2428 274 2468 γρ
307 2411 683 2468 σπουδαζόμενον
715 2410 763 2454 in
794 2424 928 2479 marg
1073 2416 1126 2456 13
1166 2411 1239 2470 τὸ]
1274 2419 1373 2462 πῶς
1404 2411 1509 2455 coni
1542 2411 1623 2466 Re,
1656 2412 1698 2456 εἰ
1726 2412 1800 2456 Ia-

107 2470 216 2514 cobs
248 2470 359 2514 Lech
393 2473 399 2527 Ι
435 2470 725 2525 δυνήσεσθαι
756 2470 921 2527 scripsu
954 2484 978 2514 e
1006 2471 1264 2516 MaClViB
1278 2472 1345 2516 Va
1406 2469 1656 2526 δυνήσεται
1680 2472 1800 2515 LPa

107 2529 198 2573 edd
321 2534 375 2572 14
401 2527 516 2581 ὅλως
539 2530 665 2574 BVa
692 2534 698 2582 Ι
726 2534 936 2586 μηχανῆς
958 2530 1085 2575 BVa
1206 2535 1260 2574 15
1293 2530 1354 2586 μὴ
1387 2527 1437 2574 δὲ
1463 2531 1800 2576 LPaMaClVi

115 2590 184 2633 Va
214 2588 324 2631 Ferr
372 2590 378 2646 1
420 2604 504 2645 την
536 2589 684 2645 αρχὴν
709 2590 875 2634 LPaB
924 2598 931 2645 Ι
976 2586 1089 2640 ὅλως
1119 2591 1173 2633 ut
1204 2589 1431 2633 scholium
1463 2589 1682 2634 dictionis
1714 2589 1799 2646 τὴν

106 2647 254 2704 ἀρχὴν
286 2647 536 2691 delendum
572 2650 731 2692 censet
762 2647 829 2691 Re
869 2648 944 2691 cui
976 2647 1140 2692 Iacobs
1171 2649 1284 2693 Lect
1315 2648 1655 2705 adstipulatur,
1687 2648 1796 2692 Not.

106 2707 205 2751 crit.
231 2706 282 2750 in
306 2706 406 2750 Lib.
435 2707 554 2763 apol.
583 2706 705 2751 Socr.
730 2721 774 2762 p.
801 2711 856 2750 47
889 2707 1161 2752 adversatur
1187 2710 1193 2764 Ι
1220 2715 1302 2752 τοῦ
1336 2707 1501 2764 scripsi
1524 2709 1577 2751 ut
1601 2707 1705 2751 coni
1729 2708 1797 2751 Re

164 2781 212 2809 τε
237 2765 343 2809 libri
368 2766 450 2810 sed
473 2766 522 2809 in
546 2781 621 2810 ras
641 2766 765 2820 Ma³,
791 2765 882 2809 edd
1005 2771 1058 2810 16
1084 2768 1183 2826 καὶ]
1210 2766 1319 2823 μήτε
1343 2767 1507 2811 Iacobs
1532 2767 1657 2820 Lect,
1681 2767 1796 2823 μηδὲ

106 2824 202 2868 Not
234 2825 323 2868 crit
371 2827 378 2881 Ι
420 2826 593 2882 ταύτην
617 2827 743 2869 BVa
866 2829 919 2868 18
950 2825 1002 2869 τὸ
1030 2827 1119 2870 Μα
1150 2826 1232 2870 sed
1266 2826 1290 2869 ὸ
1322 2826 1371 2870 in
1401 2839 1477 2869 ras
1509 2825 1579 2868 ιη’*
1605 2827 1612 2882 Ι
1647 2824 1795 2869 ἑαυτῶ

110 2885 199 2928 Μα
237 2884 316 2927 sed
351 2891 386 2928 ὥ
425 2883 473 2929 in
511 2897 587 2929 ras
619 2883 688 2928 ω’
766 2883 935 2930 ἑαυτοῦ
958 2885 1003 2928 B
1015 2886 1084 2930 Va
1229 2889 1282 2929 19
1323 2882 1681 2942 ἐπαιτιασαίμην
1708 2886 1797 2930 Ma

110 2942 229 2989 OlVi
