2020 3146
222 137 289 188 18
668 136 894 180 LIBANII
924 135 1313 180 DECLAMATIO
1345 136 1494 180 XXXI

221 270 401 339 ἀηδῶς
439 270 557 339 μέν,
599 273 683 324 δεῖ
721 272 825 339 γάρ
866 291 931 340 με
969 271 1182 340 τάληθῆ
1216 270 1416 340 λέγειν,
1456 272 1523 324 οὐ
1555 273 1664 340 μὴν
1696 274 1914 341 ἔφυγόν

218 380 279 428 γε
318 361 536 412 πώποτε
575 370 686 413 τῶν
724 359 822 428 ὑφ’
868 360 1025 429 ὑμῶν
1071 359 1465 429 ἐψηφισμένων
1511 359 1692 414 οὐδέν.
1743 369 1912 415 τοῦτο

220 451 287 517 δὴ
326 450 387 503 τὸ
428 449 863 517 ἀναλισκόμενον
902 447 1180 519 ἐπλήρουν
1217 457 1292 521 τῷ
1323 457 1419 518 τῆς
1451 451 1714 512 εἰωθυίας
1747 449 1910 519 ἀφαι-

219 547 339 606 ρεῖν
376 546 584 608 τροφῆς
635 539 803 606 οὔσης
848 535 951 606 μὲν
990 537 1057 590 οὐ
1096 541 1302 605 πολλῆς
1334 535 1466 591 οὐδὲ
1498 537 1724 607 ἐκείνης,
1765 538 1918 607 ὅμως

172 648 192 681 5
219 624 279 679 δὲ
318 626 626 696 ἐπειρώμην
666 627 759 680 διὰ
807 634 903 695 τῆς
948 627 1182 696 γαστρὸς
1234 629 1296 680 τὸ
1348 627 1782 697 ἀναλισκόμενον
1819 647 1910 680 κο-
1965 663 1968 667 -

216 718 470 784 μίξεσθαι
524 714 643 784 μήτ’
699 715 863 778 αὐτὸς
915 714 1042 768 καθ’
1096 715 1307 786 ἡμέραν
1360 715 1570 769 ἐσθίων
1624 717 1756 785 μήτε
1808 717 1914 784 τὴν

216 815 452 873 γυναῖκα
482 803 573 857 καὶ
604 807 734 867 τοὺς
764 805 1112 871 θεράποντας
1145 814 1460 874 συγχωρῶν.
1500 805 1583 858 18.
1617 805 1911 874 ἀχθεσθεί-

217 907 315 962 σης
356 893 421 946 δέ
454 911 584 946 ποτε
624 902 719 962 τῆς
759 894 1022 961 γυναικὸς
1061 892 1149 947 ἐπὶ
1196 895 1413 956 τούτοις
1459 893 1546 947 καὶ
1596 893 1911 960 θαυμαζού-

219 997 318 1049 σης
371 983 471 1051 τὴν
521 981 881 1035 πολυτέλειαν
928 990 1028 1036 τοῦ
1077 987 1323 1050 γείτονος
1368 983 1460 1036 καὶ
1504 983 1914 1052 προσειπούσης

151 1093 195 1125 10
218 1072 490 1141 μακάριον
530 1072 635 1124 διὰ
674 1073 754 1140 τίς
794 1068 952 1139 ἔφην.
994 1072 1101 1124 διὰ
1139 1073 1256 1141 τὴν
1293 1073 1565 1141 ἡδονήν;
1605 1072 1774 1124 πάνυ
1816 1089 1922 1138 γε,

215 1157 436 1229 ἔφησεν.
471 1154 581 1212 εἶτ’
623 1165 748 1213 οἰέι
780 1162 897 1229 τὴν
928 1161 1200 1231 ἡδονήν,
1234 1163 1393 1230 ἔφην,
1426 1159 1686 1229 ἐκείνην
1719 1160 1914 1228 ἐγγὺς

218 1245 392 1302 εἶναι
431 1257 541 1317 τῆς
580 1248 893 1319 ἡμετέρας
932 1251 1038 1303 καὶ
1079 1251 1195 1319 οὐχ
1235 1249 1390 1321 ὁρᾷς
1430 1251 1510 1312 ὡς
1541 1249 1573 1318 ἡ
1606 1246 1721 1317 μὲν
1760 1247 1913 1317 ἐφή·

131 1343 358 1386 R1V205
404 1357 622 1407 μερος,
676 1339 710 1406 ἡ
766 1335 834 1391 δὲ
896 1339 1202 1408 διηνεκὴς
1235 1337 1249 1411 Ι
1300 1339 1620 1410 ἀργύριον
1682 1340 1913 1406 ἔχοντα

335 1534 357 1572 1
393 1545 446 1584 με
479 1543 554 1572 om
577 1529 621 1572 L
655 1530 701 1572 ei:
733 1530 900 1584 „facile
923 1531 1089 1584 patiar
1120 1530 1282 1583 abesse,
1314 1535 1367 1573 ut
1398 1530 1521 1572 abest
1552 1543 1582 1572 a
1622 1527 1911 1582 W(0Zfe‘nb.)“

213 1588 280 1632 Re
344 1587 593 1632 delendum
619 1590 776 1632 censet
801 1588 957 1632 Gasda
1019 1605 1061 1632 τι
1088 1590 1156 1634 Va
1181 1588 1237 1631 cf.
1264 1590 1297 1632 t.
1321 1588 1343 1631 Ι
1367 1593 1503 1643 488,2
1533 1589 1539 1644 Ι
1565 1585 1769 1643 τάληθὲσ
1793 1586 1862 1629 Va
1899 1584 1904 1643 Ι

216 1647 268 1692 δὲ
301 1649 410 1691 ante
444 1648 619 1703 ἔφυγον
645 1649 688 1691 L
719 1648 830 1690 Ferr
958 1652 983 1690 2
1017 1664 1068 1705 γε
1100 1662 1175 1692 om
1202 1648 1254 1693 Ol
1314 1663 1360 1691 τε
1385 1649 1462 1692 La
1504 1649 1510 1705 Ι
1551 1645 1642 1703 ’ὑφ’
1680 1646 1806 1701 ὑμῶν
1838 1657 1908 1688 re-

215 1707 352 1763 posui
385 1720 409 1749 e
440 1706 572 1750 libris
635 1704 711 1762 ἐφ’
746 1707 855 1763 ὑμῖν
888 1707 978 1750 edd
1012 1707 1094 1751 scd
1129 1713 1241 1762 „aut
1271 1704 1350 1763 ἐφ’
1385 1707 1496 1764 ἡμῖν
1529 1708 1607 1764 ley.
1640 1705 1690 1748 in
1720 1718 1828 1758 nos,
1860 1703 1911 1746 in

217 1767 439 1810 damnum
470 1766 536 1809 rei
568 1768 755 1810 nostrae
787 1765 1048 1821 familiaris,
1081 1772 1165 1811 aut
1194 1763 1279 1822 ὑφ’
1308 1766 1435 1822 ὑμῶν
1468 1781 1496 1809 a
1526 1764 1689 1808 nobis“
1720 1764 1790 1807 Re

215 1831 239 1868 3
274 1827 459 1881 „malim
492 1825 572 1868 ὃὲ“
605 1825 673 1868 Rc
701 1827 707 1882 Ι
736 1825 988 1881 ἐπληροῦτο
1015 1827 1091 1870 La
1129 1828 1134 1882 Ι
1162 1829 1223 1884 τῷ
1255 1825 1432 1870 inserui
1464 1839 1489 1869 e
1516 1823 1771 1869 OlLaVaB
1833 1835 1908 1865 om

212 1885 331 1929 LPa
365 1885 456 1928 cdd
499 1885 505 1942 Ι
549 1884 599 1928 ἐκ
632 1888 742 1928 ante
772 1891 853 1941 τῆς
878 1887 951 1929 Pa
983 1888 1030 1929 eb
1061 1902 1116 1942 γρ
1148 1885 1198 1928 in
1228 1898 1364 1942 marg
1393 1885 1540 1940 Mor}
1583 1883 1805 1938 ἀφαιρεῖν
1835 1895 1909 1925 re-

212 1943 347 2000 posui
379 1957 404 1987 e
431 1944 687 1989 GlLaVaB
750 1945 958 2000 ἀφαιροῦ
983 1945 1026 1987 L
1089 1944 1437 2000 ἀφαιρούμενος
1467 1944 1578 1987 Ferr
1599 1942 1668 1985 Re
1701 1943 1748 1984 et
1778 1957 1832 1997 γρ
1857 1941 1909 1983 in

213 2018 346 2060 marg
378 2003 480 2046 Mor
553 2003 666 2059 ἡμῖν
691 2004 765 2047 Ρα
841 2004 1061 2060 ἀφαιρῶν
1092 2003 1194 2047 Mor
1226 2004 1307 2048 sed
1339 2021 1393 2061 γρ
1427 2003 1537 2060 ἡμῖν
1575 2002 1626 2044 in
1654 2014 1788 2057 marg
1823 2002 1828 2056 Ι
1863 2016 1908 2043 τι

211 2065 320 2119 post
352 2063 574 2118 ἀφαιρεῖν
599 2063 644 2105 Β
773 2068 800 2106 4
834 2060 943 2106 οὐδ’
974 2064 1104 2108 OELa
1236 2067 1261 2106 5
1296 2061 1339 2107 δ’
1371 2063 1446 2107 La
1495 2065 1501 2119 Ι
1549 2061 1632 2105 τὸν
1664 2060 1734 2103 Va
1766 2059 1849 2102 sed
1879 2076 1908 2104 ν

213 2136 314 2165 eras
365 2124 371 2176 Ι
420 2119 695 2177 λειπόμενον
720 2123 795 2166 La
941 2127 965 2166 6
1003 2120 1106 2178 μήτ’
1137 2148 1191 2153 -
1218 2126 1244 2165 8
1275 2122 1457 2172 τούτοις
1487 2121 1535 2164 in
1567 2132 1701 2175 marg
1725 2119 1826 2162 Lan

213 2194 288 2223 om
320 2194 570 2236 eorumque
601 2180 703 2223 loco
738 2181 933 2236 praebet
963 2184 1072 2238 post
1102 2181 1320 2224 lacunam
1353 2185 1407 2224 10
1439 2181 1518 2224 litt
1549 2179 1793 2234 εὐφρονῶν
1824 2182 1907 2232 τῆς

215 2239 405 2295 σελήνης
437 2240 606 2296 φέγγος
637 2241 723 2284 οὐκ
755 2239 999 2295 ὠνήσεται·
1035 2241 1090 2285 οὐ
1124 2242 1171 2283 eb
1193 2242 1302 2296 post
1324 2239 1542 2284 lacunam
1569 2243 1622 2281 11
1647 2238 1727 2280 litt
1758 2234 1785 2291 ἢ
1810 2243 1903 2290 πῦρ

212 2300 426 2353 περιττὸν
459 2299 538 2342 καὶ
572 2299 764 2355 σμικρὸν
796 2301 843 2342 et
873 2301 981 2355 posi]
1018 2299 1235 2343 lacunam
1269 2303 1322 2343 10
1355 2299 1435 2343 litt
1466 2298 1494 2354 ἡ
1525 2296 1723 2351 τοσαύτη
1756 2293 1906 2350 πότην

213 2358 381 2415 λύχνον
423 2359 469 2400 et
506 2360 614 2414 post
652 2358 870 2401 lacunam
912 2364 963 2401 11
1004 2358 1085 2402 litt
1126 2356 1249 2410 ὅστις
1288 2359 1413 2417 αὐτῷ
1452 2355 1646 2413 ποιητής
1689 2354 1781 2398 ἐστι
1823 2359 1907 2409 τῆς

212 2414 509 2472 θρυαλλίδος.
544 2418 624 2460 καὶ
656 2415 825 2473 μέλλων
857 2416 1079 2462 καίεσθαι
1120 2418 1281 2476 ἔσβεσα
1321 2419 1399 2461 καὶ
1439 2413 1698 2471 περιέθηκά
1733 2426 1780 2457 σε
1814 2413 1904 2468 φύ-

215 2478 335 2519 λακα
367 2474 607 2530 κρείττονα
632 2483 724 2520 τῶν
749 2483 897 2532 μυῶν·
932 2477 1075 2532 ἄρτου
1099 2475 1235 2532 μέρος
1259 2477 1454 2535 ἀνζιβθ)
1480 2478 1527 2519 eb
1549 2475 1656 2530 post
1686 2473 1903 2515 lacunam

215 2539 269 2577 12
287 2533 366 2577 litt
392 2535 456 2585 εἰς
481 2534 646 2589 αὔριον
671 2535 751 2578 καὶ
773 2542 908 2579 τοῦτο
933 2535 1095 2591 ἤρκεσε
1120 2535 1232 2592 μετὰ
1255 2543 1337 2580 τοῦ
1360 2531 1577 2592 γυναίου·
1604 2530 1685 2576 καί
1701 2531 1796 2588 (fol.
1816 2535 1902 2575 339

212 2593 305 2649 inc)
340 2609 451 2637 ποτε
491 2601 571 2649 τῆς
614 2593 835 2650 γυναικός
874 2596 922 2638 et
959 2597 1067 2650 post
1104 2594 1323 2639 lacunam
1356 2601 1380 2638 5
1413 2594 1492 2637 libb
1530 2592 1662 2647 ἑορτῆ
1694 2591 1786 2635 τινὶ
1817 2589 1902 2646 τὴν

213 2652 359 2708 αὐτὴν
391 2651 474 2708 μὲν
506 2650 647 2708 ῥ’ῶσιν
680 2655 727 2695 et
756 2655 865 2709 post
906 2653 1125 2697 lacunam
1159 2659 1183 2697 5
1215 2654 1295 2697 litt
1332 2652 1563 2708 τράπεζαν
1602 2648 1903 2709 συβαριτικὴν

212 2711 296 2767 τὴν
327 2718 408 2755 τοῦ
440 2709 646 2767 γείτονος
671 2712 724 2756 Cl
765 2715 771 2766 Ι
813 2711 1089 2769 καθημέραν
1114 2714 1188 2757 La
1224 2715 1230 2768 Ι
1267 2713 1352 2768 τὴν
1383 2718 1583 2769 γυναῖκα
1615 2711 1694 2753 καὶ
1727 2723 1802 2751 om
1828 2710 1901 2752 Pa

331 2774 357 2813 8
389 2770 739 2828 θαυμαζούσης]
770 2771 1016 2826 παθούσης
1041 2776 1311 2826 (παθοῦσαν
1338 2770 1405 2827 Ol)
1435 2768 1480 2814 τί
1510 2769 1627 2824 πρὸς
1653 2768 1781 2812 GlLa

214 2833 238 2872 9
270 2835 352 2872 τοῦ
385 2827 590 2884 γείτονος
621 2829 745 2872 inser
779 2830 868 2874 Va²
930 2844 1004 2873 om
1032 2831 1158 2875 OlLa
1282 2836 1333 2873 11
1372 2829 1478 2887 οἴει]
1512 2828 1580 2884 εἴη
1615 2829 1685 2871 Va
1713 2829 1718 2884 Ι
1747 2824 1900 2881 ἐκείνη

212 2889 288 2932 La
320 2888 401 2930 sed
433 2887 494 2943 μὴ
527 2901 740 2943 suprascr
764 2903 800 2945 p
924 2895 976 2931 12
1010 2891 1087 2933 καὶ
1121 2890 1245 2934 inser
1278 2888 1369 2934 Va²
1503 2892 1554 2931 13
1588 2886 1798 2943 διηνεκὲς
1831 2886 1902 2931 Va

215 2948 219 3004 Ι
254 2947 505 3004 τάργύριον
529 2948 602 2991 Ρα
634 2947 734 2990 Mor
