2014 3158
157 137 266 190 620
564 138 791 181 LIBANII
821 137 1213 182 DECLAMATIO
1245 138 1432 182 XLVIII

155 280 301 341 μεθα
339 281 637 343 πανταχοῦ,
677 272 768 327 καὶ
807 278 1076 328 τελευτῶν
1117 273 1232 327 ἀντ’
1273 275 1483 338 εἰκόνος
1516 274 1851 344 ἐπήγγελλον

155 370 441 432 τοσοῦτον,
476 365 618 416 ἰδεῖν
650 368 793 417 οἴκοι
826 365 922 416 τὸν
955 363 1214 432 ἀδελφόν.
1255 362 1316 417 ἐν
1347 358 1389 436 ᾧ
1421 363 1621 428 πάντες
1651 365 1849 420 ἀνεθο-

155 454 428 521 ρυβήσατε
468 453 528 506 τὸ
569 461 664 522 τῆς
705 455 967 522 αἰτήσεως
1006 449 1147 520 ἦθος
1187 454 1415 522 ἄμεινον
1447 461 1542 524 τῆς
1574 453 1850 524 ἀριστείας

156 541 465 611 ἡγούμενοι.
529 542 615 595 21.
653 540 744 595 καὶ
784 538 854 610 ’ἧν
893 540 1062 595 ἔνθεν
1107 542 1209 610 μὲν
1249 542 1471 596 ἀκούειν
1509 542 1851 597 ἀποκαλούν-

111 653 130 685 5
155 650 266 684 των
303 631 403 684 τὸν
443 633 706 701 χρηστόν,
748 630 1021 699 ἑτέρωθεν
1062 629 1122 684 δὲ
1162 633 1260 685 τὸν
1298 630 1608 701 βέλτιστον,
1647 622 1850 687 παντα-

154 721 325 790 χόθεν
365 717 426 774 δὲ
467 720 649 784 ἁπλῶς
690 721 751 774 ἕν
789 720 856 789 γέ
891 741 942 774 τι
983 721 1128 791 ῥῆμα
1167 722 1303 791 πρὸς
1343 721 1620 791 εὐφημίαν
1658 722 1847 792 φέρον.

155 807 294 862 ἀλλά
331 829 442 878 τοι,
484 804 525 862 ὦ
568 811 844 878 δικασταί,
891 811 952 863 τὸ
993 816 1184 878 θαῦμα
1223 809 1378 880 μέχρι
1418 819 1514 879 τῆς
1553 820 1710 880 σιγῆς
1749 820 1847 865 τοῦ

151 900 379 969 πατρός,
430 899 504 962 ὡς
551 899 612 952 δὲ
659 899 815 970 διῆρε
861 902 922 952 τὸ
971 901 1141 966 στόμα
1181 898 1270 952 καὶ
1319 898 1628 969 ἐφθέγξατό
1667 921 1720 954 τι
1759 902 1850 955 καὶ

153 990 429 1057 συνήγαγε
467 989 529 1042 τὸ
561 991 877 1058 πρόσωπον,
915 989 1093 1042 πάντα
1126 987 1453 1059 διέφθαρτο,
1493 990 1582 1042 καὶ
1613 991 1680 1043 τὰ
1710 991 1848 1044 καλὰ

87 1100 129 1132 ιο
154 1075 285 1140 τέως
325 1081 509 1147 φαῦλα
549 1077 809 1147 ἐπεφήνει
848 1078 936 1131 καὶ
980 1078 1132 1145 ὑμεῖς
1170 1078 1575 1148 μετεβέβλησθε
1622 1079 1712 1132 καὶ
1752 1081 1846 1133 αὐ-

153 1167 246 1230 τὸς
291 1169 624 1236 παραπαίειν
678 1166 914 1221 ἐδόκουν
966 1165 1055 1220 καὶ
1103 1165 1174 1221 δι’
1224 1163 1302 1220 ὧν
1354 1167 1703 1237 εὐδοκίμουν,
1760 1167 1848 1222 ἐπὶ

152 1257 370 1319 τούτοις
409 1258 583 1320 αἰτίας
623 1250 787 1326 εἶχον.
836 1257 921 1310 22.
962 1264 1246 1325 τοσοῦτον,
1288 1252 1328 1309 ὦ
1370 1257 1639 1325 δικασταί,
1678 1272 1846 1327 προσ-

152 1348 351 1416 ηγορία
395 1347 600 1417 πατρὸς
641 1348 719 1409 εἰς
736 1329 946 1414 ’ἀγῶνα
976 1345 1363 1415 πλεονέκτημα.
1403 1344 1582 1399 πάντα
1625 1348 1846 1417 φροῦδα

154 1434 335 1488 ε’κεῖνα
365 1437 432 1488 τὰ
463 1434 672 1505 μεγάλα
702 1434 794 1488 καὶ
826 1433 1140 1503 θαυμαστά,
1180 1434 1208 1488 6
1242 1436 1495 1504 κηδεμὼν
1526 1443 1621 1504 τῆς
1654 1437 1845 1506 οἰκίας,

88 1546 129 1578 15
155 1524 184 1578 6
219 1526 458 1595 φοβερὸς
497 1535 613 1588 τοῖς
652 1525 892 1595 ἐχθροῖς,
933 1524 962 1578 6
994 1533 1090 1593 τῆς
1120 1526 1333 1587 πόλεως
1365 1527 1562 1595 σωτήρ,
1603 1525 1631 1578 6
1665 1525 1844 1595 φύλαξ

152 1623 264 1667 τῶν
304 1624 506 1683 γενῶν,
545 1613 574 1668 6
614 1622 712 1668 τοῦ
753 1616 967 1684 τείχους
1012 1615 1438 1684 χρησιμώτερος,
1479 1613 1507 1667 6
1550 1615 1682 1678 δοὺς
1721 1613 1844 1668 ἀντὶ

152 1711 250 1756 τοῦ
289 1702 617 1774 πεφρικέναι
657 1704 945 1772 εὐθυμεῖν,
993 1705 1059 1756 τὰ
1099 1701 1147 1756 δ’
1194 1702 1437 1757 ἐπινίκια
1475 1703 1845 1772 καταγέλαστα

151 1793 241 1846 καὶ
289 1794 454 1863 μικρὰ
501 1791 588 1846 καὶ
640 1795 945 1862 φλήναφος.
1011 1793 1096 1846 23.
1138 1791 1324 1862 ἐπειδὴ
1371 1794 1567 1846 τοίνυν
1613 1793 1747 1862 ὑμῖν
1788 1813 1845 1846 τε

151 1882 440 1951 ἠνώχληκα
478 1881 568 1935 καὶ
608 1882 706 1935 τὸν
738 1881 945 1949 πατέρα
977 1883 1256 1951 λελύπηκα
1286 1880 1376 1934 καὶ
1410 1884 1610 1950 λόγους
1645 1881 1846 1951 ἀφεῖκα

85 1992 129 2024 20
154 1979 312 2040 σιγῆς
351 1969 561 2038 ἀξίους,
603 1971 830 2041 εὕρηκα,
871 1968 912 2024 ὦ
955 1972 1230 2039 δικασταί,
1280 1969 1470 2041 ἑτέραν
1510 1972 1724 2041 δωρεὰν
1763 1970 1846 2024 δι’

150 2056 215 2129 ἧς
256 2058 450 2124 ἐλπίζω
491 2060 590 2112 τὸν
627 2061 944 2130 πρεσβύτην
984 2060 1301 2129 εὐφρανεῖν.
1341 2060 1411 2128 ἣν
1443 2061 1546 2130 γὰρ
1579 2060 1680 2113 οὐκ
1711 2061 1844 2129 ἠδυ-

151 2152 336 2218 νήθην
391 2153 554 2202 λῦσαι
607 2149 864 2222 τάδελφῷ
919 2150 1239 2220 συμφοράν,
1295 2150 1494 2218 ταύτης
1554 2159 1845 2202 κοινωνεῖν

153 2236 282 2302 ἀξιῶ
322 2237 411 2291 καὶ
451 2246 545 2306 τῆς
585 2239 760 2301 οἰκίας
799 2236 911 2307 μετ’
960 2237 1173 2292 ἐκείνου
1214 2237 1521 2308 στέρεσθαι.

62 2332 285 2377 RIV694
443 2327 528 2379 24.
578 2330 862 2395 Τιμωρία
898 2327 904 2395 Ι
938 2326 1132 2393 τοῦτ’,
1173 2328 1247 2380 οὐ
1289 2328 1518 2397 δωρεά,
1560 2330 1723 2397 φήσει
1762 2346 1845 2389 τις

85 2436 125 2470 25
151 2415 241 2469 καὶ
281 2417 374 2479 τὰς
414 2416 570 2483 τιμὰς
609 2407 694 2477 αἷς
727 2415 1021 2483 ἀμείβεσθε
1055 2425 1164 2469 τῶν
1197 2415 1464 2485 ἀριστέων
1496 2418 1624 2478 τοὺς
1655 2416 1843 2468 κινδύ-

270 2523 297 2563 8
329 2519 458 2562 Dem.
492 2516 598 2561 fals.
632 2515 723 2573 leg.
759 2521 782 2570 ς
812 2522 892 2559 112
927 2533 970 2574 p.
1000 2521 1175 2573 375,14
1648 2508 1650 2513 ’

272 2611 296 2648 2
331 2603 390 2650 ἂν
416 2604 732 2663 ἐθορυβήσατε
761 2606 914 2649 MosB
1039 2611 1063 2647 6
1092 2605 1247 2657 ἁπλῶς
1271 2620 1346 2650 om
1371 2607 1465 2650 Ath
1587 2611 1640 2651 13
1666 2621 1843 2650 παντα-

151 2672 236 2723 χοῦ
269 2665 379 2708 Ferr
410 2665 511 2708 Mor
538 2667 543 2722 Ι
573 2666 759 2720 φροῦδα
792 2665 957 2720 scripsi
1018 2672 1146 2721 γοῦν
1163 2665 1271 2709 libri
1297 2666 1386 2710 edd
1413 2666 1494 2708 sed
1518 2672 1632 2722 γοῦν
1657 2666 1843 2721 φροῦδα

118 2752 121 2755 »
152 2724 256 2768 coni
281 2724 348 2767 Re
471 2728 522 2766 17
558 2721 872 2780 πεφριγμένον
898 2724 1008 2767 Fen·
1035 2727 1040 2778 Ι
1068 2723 1126 2767 τά
1149 2722 1196 2768 τ’
1225 2726 1269 2768 Β
1393 2729 1445 2767 19
1479 2725 1653 2779 ἀφεῖκα
1678 2724 1843 2780 scripsi

153 2797 258 2826 cum
291 2782 464 2826 Cobeto
498 2782 597 2827 Coll
628 2786 714 2826 299
791 2780 952 2839 ἀφῆκα
991 2782 1099 2826 libri
1132 2784 1222 2826 edd
1367 2789 1419 2827 21
1461 2781 1542 2827 τὸν
1583 2784 1842 2840 πρεσβύτην

151 2842 201 2885 in
231 2855 307 2885 ras
331 2841 396 2886 Ρ2
538 2846 593 2885 22
633 2841 767 2885 λύσαι
790 2842 1084 2886 LPAthMos
1116 2842 1206 2885 edd
1256 2844 1262 2898 Ι
1310 2844 1523 2900 τάδελφῷ
1556 2842 1718 2897 scripsi
1751 2841 1842 2885 coll

150 2915 194 2957 p.
230 2905 395 2954 613‚8;
431 2904 530 2955 618,
550 2905 625 2956 263
661 2905 858 2954 624‚11;
892 2904 1088 2954 632,23;
1125 2905 1295 2955 633‚11
1331 2902 1378 2946 et
1409 2901 1468 2944 ad
1493 2916 1537 2958 p.
1565 2905 1708 2954 598‚9
1778 2904 1840 2960 τῷ

152 2960 339 3018 ἀδελφῷ
371 2959 479 3003 libri
505 2960 596 3003 edd
719 2963 774 3001 24
805 2956 874 3008 τίς
898 2959 1036 3003 AthB
1070 2960 1161 3002 edd
