2020 3146
91 90 282 136 AVARI
312 90 389 136 OB
414 89 753 135 TALENTUM
776 88 1152 134 AESCULAPIO
1177 88 1394 134 VOTUM
1418 88 1611 134 ABDIC.
1680 89 1783 141 129

84 229 216 290 τοὺς
253 227 442 295 θεούς,
483 227 904 295 φιλάνθρωπον.
947 225 1222 279 ἐσκόπουν
1254 226 1358 293 γὰρ
1391 224 1506 278 κατ’
1548 224 1786 295 ἐμαυτὸν

85 316 169 369 ὅτι
215 325 416 385 προῖκα
470 316 536 368 τὰ
585 316 734 385 παρὰ
787 324 900 368 τῶν
947 320 1100 367 θεῶν
1146 314 1279 382 ἡμῖν
1326 314 1512 382 ἀγαθὰ
1559 316 1785 382 γίνεται.

85 405 171 457 24.
211 402 302 457 καὶ
342 405 478 474 πρὸς
526 404 694 457 αὐτὸν
742 406 957 472 ἔλεγον·
1020 410 1143 456 νῦν
1188 402 1344 472 ἡμῖν
1390 403 1504 456 τὸν
1557 404 1785 473 ἰατρὸν

86 492 529 561 ἀποδέδωκας,
577 489 618 545 ὦ
667 500 806 561 παῖ,
857 500 982 545 νῦν
1027 492 1141 544 τὸν
1190 492 1549 558 ἰασόμενον
1597 492 1784 560 εὕρη-

85 602 212 645 κας.
253 582 611 649 αὐτόματοι
649 581 810 651 πρὸς
851 580 1156 634 εὐποιίαν
1195 582 1256 634 οἱ
1288 583 1460 650 θεοί,
1499 598 1784 649 παρακα-
1832 601 1853 633 5

86 671 398 738 λούμενοι
440 670 510 723 δὲ
548 673 898 739 βελτίονες.
939 666 1138 722 οὐδὲν
1175 679 1303 722 τῶν
1343 668 1786 739 ἀνθρωπίνων

86 757 532 827 ἐπιζητοῦσιν.
573 759 648 812 οὐ
688 763 973 821 πλοῦτος
1012 759 1238 821 αὐτοῖς
1275 761 1671 827 προσφιλής,
1711 759 1785 811 οὐ

86 847 322 917 κέρδος
360 847 603 917 ἕτερον.
643 849 852 916 μόνην
890 848 1006 915 τὴν
1046 847 1355 900 εὐποιίαν
1393 845 1677 916 ἔχουσιν.
1718 846 1787 900 ἐν

85 937 285 1007 ταύτῃ
334 940 741 990 πλουτοῦσιν
796 937 859 990 οἱ
904 939 1067 989 θεοί.
1125 941 1225 989 ἴθι
1272 944 1436 1004 γοῦν
1482 936 1638 1006 ἡμῖν
1689 938 1786 989 αι’-

85 1027 298 1094 τήσων
336 1026 594 1094 ὑγείαν,
635 1021 678 1078 ὦ
718 1033 846 1078 παῖ.
895 1025 1094 1094 εὐχὴν
1133 1021 1315 1088 εὖξαι
1353 1027 1477 1094 τὴν
1507 1024 1785 1095 πρέπου-
1811 1045 1855 1078 ιο

86 1128 219 1168 σαν.
274 1117 567 1184 πρόσθες
606 1121 679 1184 τῇ
718 1122 829 1183 τῆς
867 1114 1095 1182 ὑγείας
1142 1113 1297 1184 εὐχῇ
1344 1119 1636 1167 πλοῦτον
1673 1131 1787 1167 πο-

87 1207 208 1257 λὺν
253 1202 360 1256 καὶ
407 1204 524 1272 τὴν
571 1203 692 1256 ἀπὸ
739 1211 855 1256 τοῦ
902 1202 1181 1274 κέρδους
1228 1203 1668 1273 εὐδαιμονίαν
1714 1212 1787 1274 τῇ

86 1293 242 1362 μετὰ
281 1301 391 1362 τῆς
429 1293 655 1360 ὑγείας
685 1293 794 1345 καὶ
825 1294 1107 1363 χρήστας
1140 1292 1590 1361 εὐγνώμονας,
1629 1295 1787 1361 μᾶλ-

88 1385 202 1434 λον
250 1379 319 1435 δὲ
364 1389 559 1435 τοῦτο
606 1384 837 1451 μόνον,
885 1383 942 1443 εἰ
990 1383 1198 1449 δοκεῖ,
1250 1381 1637 1451 πρόσευξαι,
1683 1383 1787 1435 τό-

85 1490 241 1533 κους
278 1470 572 1532 πλέονας.
612 1469 734 1523 ἀπὸ
775 1472 895 1541 γὰρ
936 1471 1190 1524 τούτων
1221 1470 1254 1539 ἡ
1289 1471 1597 1539 σωτηρία,
1629 1474 1787 1539 μᾶλ-
1812 1491 1854 1524 15

87 1563 203 1612 λον
243 1558 335 1628 δέ,
375 1560 568 1613 τοῦτό
601 1579 712 1628 μοι
746 1560 891 1628 ζωή,
930 1567 1126 1613 τοῦτο
1160 1568 1307 1628 φῶς.
1348 1558 1425 1612 ἂν
1457 1556 1505 1612 δ’
1550 1560 1677 1630 ἄρα)
1717 1559 1785 1612 τὸ

88 1648 410 1702 τάλαντον
464 1649 620 1717 μετὰ
673 1656 784 1717 τῆς
835 1647 1087 1715 ὑγείας,
1142 1649 1429 1717 ἄμεινον.
1499 1646 1586 1700 25.
1642 1648 1784 1701 οὕτω

86 1735 190 1806 μὲν
227 1736 318 1791 καὶ
357 1746 592 1808 φρονεῖν
630 1735 722 1790 καὶ
758 1741 947 1790 λαλεῖν
977 1736 1390 1806 ὑπελάμβανον,
1429 1736 1458 1790 ὁ
1491 1737 1553 1790 δὲ
1595 1734 1601 1808 Ι
1652 1741 1771 1786 RIV
1788 1745 1874 1786 6⁶²

87 1828 186 1880 τὸν
224 1825 370 1880 νεὼν
407 1826 732 1895 καταλαβὼν
772 1825 988 1879 ἁπλοῦν
1026 1826 1128 1894 μὲν
1175 1823 1341 1879 οὐδὲν
1387 1826 1522 1879 οὐδὲ
1568 1827 1787 1879 δίκαιον

207 1960 233 2000 5
259 1955 430 2001 Cratin.
451 1960 620 2002 Πλουτ.
637 1955 680 2000 Π
698 1960 782 2000 110
799 1956 849 1999 Μ
865 1956 903 2013 (Ι
920 1960 991 2011 62,
1004 1956 1157 2008 16οΚ)
1252 1961 1304 2000 11
1333 1971 1399 2013 sq.
1419 1956 1477 2000 cf.
1495 1972 1540 2014 p.
1562 1961 1660 2011 104,
1673 1961 1697 2000 6
1716 1971 1783 2012 sq.

757 2032 851 2074 ἀπο

207 2082 232 2120 2
266 2074 473 2133 γίγνεται
498 2076 574 2120 La
694 2081 721 2119 4
755 2075 973 2126 δέδοικας
998 2077 1043 2119 Β
1082 2076 1087 2134 Ι
1124 2075 1375 2132 ἰασόμενον
1406 2075 1574 2133 scripsi
1606 2090 1662 2121 ex
1687 2077 1794 2122 HV

89 2136 148 2179 Μ
159 2135 228 2179 Va
259 2136 341 2179 sed
372 2135 421 2178 in
453 2135 527 2179 his
561 2135 740 2179 duobus
774 2152 798 2179 ο
825 2148 879 2178 ex
904 2153 934 2178 α
957 2148 1033 2178 ras
1064 2149 1180 2190 corr,
1205 2137 1251 2179 B
1314 2134 1568 2192 ἰασάμενον
1592 2136 1670 2180 La
1694 2135 1786 2180 edd

93 2195 98 2253 Ι
136 2195 384 2251 ἐξεύρηκας
407 2195 484 2238 La
628 2199 654 2238 8
689 2195 841 2251 ἔχουσι
868 2195 944 2238 La
1017 2194 1200 2251 ἔχουσιν
1232 2194 1283 2238 ἐν
1317 2194 1431 2239 ἔθει.
1465 2194 1610 2253 ταύτῃ
1643 2197 1785 2239 πλου-

88 2261 248 2298 τοῦσιν
280 2253 386 2298 coni
417 2253 485 2298 Re
630 2258 654 2296 9
687 2253 798 2310 ἡμῖν
829 2254 1004 2297 inserui
1037 2268 1093 2298 ex
1118 2255 1176 2298 H
1182 2254 1343 2298 VLaB
1421 2267 1497 2298 om
1524 2255 1586 2299 M
1592 2254 1662 2299 Va
1693 2254 1786 2301 edd

210 2317 264 2356 10
296 2311 477 2370 ὑγίειαν
502 2314 578 2357 La
723 2318 774 2356 11
809 2313 926 2357 πολύ
951 2314 1009 2357 Η
1149 2318 1202 2356 12
1237 2330 1290 2369 γρ
1322 2312 1409 2369 τὴν
1438 2312 1488 2356 in
1519 2327 1653 2370 marg
1684 2313 1787 2357 Mor

209 2377 262 2415 13
295 2377 376 2428 τῆς
408 2373 477 2416 Va
508 2372 591 2416 sed
623 2389 645 2422 ς
677 2372 770 2415 add
803 2371 872 2415 m²
922 2374 927 2429 Ι
977 2370 1156 2428 ὑγιείας
1180 2373 1257 2416 La
1306 2374 1311 2428 Ι
1353 2371 1554 2431 χρῄστας
1584 2373 1686 2416 Mor
1716 2372 1784 2416 Re

210 2436 265 2474 14
305 2431 346 2475 εἰ
385 2433 518 2476 δοκεῖ
547 2429 693 2487 μόνον
719 2432 794 2475 La
941 2436 993 2474 15
1033 2429 1251 2482 πλείονας
1285 2432 1401 2476 VaB
1547 2436 1600 2474 16
1643 2429 1702 2475 ἂν
1728 2457 1784 2464 -

91 2495 144 2534 17
178 2490 371 2547 ἄμεινον
403 2490 674 2547 praemissis
706 2490 857 2534 verbis
889 2489 1005 2545 αἴρω
1029 2490 1080 2534 τὸ
1106 2489 1262 2542 ἁπλῶς
1292 2489 1527 2563 λαμβανω.
1559 2490 1785 2549 Λιβάνιος

87 2549 205 2593 citat
244 2550 340 2606 Lop
346 2550 419 2593 ad.
458 2549 546 2593 lex.
586 2548 726 2592 Vind.
767 2565 810 2606 p.
840 2553 917 2603 17,
937 2554 989 2593 17
1032 2550 1104 2593 ed.
1135 2549 1303 2593 Nauck
1353 2552 1358 2606 Ι
1410 2548 1470 2595 ἂν
1505 2551 1573 2594 Va
1616 2550 1698 2593 sed
1728 2567 1783 2606 γρ

88 2607 172 2652 ἐὰν
203 2608 253 2652 in
283 2622 418 2667 marg
448 2609 518 2651 m²
545 2611 551 2665 Ι
580 2606 624 2653 δ’
655 2608 752 2663 ἄρω
779 2609 942 2664 scripsi
1003 2608 1101 2663 ἄρω
1126 2609 1224 2653 ΗΒ
1257 2608 1419 2681 Lopad
1481 2608 1574 2678 ἄρα
1606 2609 1707 2654 VM
1716 2610 1785 2653 Va

88 2668 171 2711 sed
201 2667 251 2710 in
281 2667 370 2711 hoc
401 2670 503 2743 affl>
536 2668 586 2710 in
617 2681 692 2711 ras
724 2667 807 2722 ω’,
834 2669 910 2711 La
941 2667 1033 2711 edd
1065 2665 1196 2711 sod
1179 2685 1238 2711 αν
1271 2665 1316 2711 δ’
1356 2667 1449 2722 ἄρα
1480 2671 1522 2725 (,,
1526 2669 1602 2712 sin
1634 2674 1785 2712 autem

87 2728 306 2771 talentum
337 2728 431 2772 scil.
465 2726 652 2784 ὑπάρχῃ
683 2729 751 2771 vel
781 2725 1126 2802 παραγίγνηται
1150 2732 1337 2783 praesto
1367 2728 1453 2771 sit⁴⁴
1459 2729 1474 2782 )
1508 2727 1613 2771 coni
1644 2727 1713 2770 Re

88 2785 283 2842 αὔξηται
306 2785 470 2830 Iacobs
595 2791 647 2829 17
673 2783 853 2842 ὑγιείας
869 2787 945 2830 La
1068 2791 1121 2830 19
1151 2785 1332 2831 απλοῦν
1356 2812 1412 2818 -
1432 2790 1531 2839 130,
1551 2791 1573 2828 1
1601 2785 1783 2842 εὔχεται

87 2844 150 2888 ad
165 2859 347 2888 versum
364 2845 633 2889 comoediae
649 2845 836 2889 Atticae
857 2845 1039 2889 ἁπλοῦν
1063 2845 1146 2900 μὲν
1171 2842 1359 2890 οὐδεν
1333 2861 1362 2899 η
1388 2841 1577 2889 δίκαιον
1602 2844 1783 2901 εὔχεται

89 2904 339 2947 revocabat
360 2903 566 2948 Kockius
599 2903 724 2948 Com.
756 2906 850 2947 Att.
878 2903 934 2947 fr.
951 2903 1015 2947 111
1033 2908 1116 2947 673
1145 2906 1151 2962 Ι
1180 2903 1290 2948 οὐδὲ
1323 2901 1512 2948 δίκαιον
1545 2902 1683 2948 οὐδὲν
1705 2904 1784 2958 La

174 2985 371 3018 Lmnncs
389 2985 802 3018 od.1·oerster.vn.
1401 2981 1426 3019 9
