2020 3146
794 615 1027 669 XXXIV
1028 659 1041 672 .

79 737 508 807 Φιλαργύρου
539 744 689 798 παῖς
727 743 843 790 τοῦ
890 737 1132 805 πατρὸς
1180 735 1349 807 αὐτῷ
1398 736 1768 805 κάμνοντος

69 823 307 894 ηὔξατο
368 833 451 897 τῷ
509 824 859 897 Ἀσκληπιῷ
917 825 1243 878 τάλαντον
1304 825 1568 894 δώσειν,
1624 827 1681 879 εἰ
1736 826 1767 879 ὁ

69 915 276 983 πατὴρ
331 914 447 983 τὴν
500 915 703 967 νόσον
758 915 1091 983 διαφύγοι.
1145 913 1423 981 ὑγιάνας
1466 907 1507 967 >‹³›
1560 916 1765 984 πατὴρ

500 1002 938 1073 ἀποκηρύττει
975 1003 1088 1055 τὸν
1127 1002 1341 1055 παῖδα.

709 1136 1117 1207 Προθεωρία.
1812 1159 1834 1193 ⁵

185 1255 232 1308 1.
273 1256 417 1309 Οὔτε
464 1254 494 1309 ὁ
541 1256 718 1325 πατὴρ
764 1257 1023 1323 μισόπαις
1071 1255 1164 1308 καὶ
1209 1254 1238 1308 ὁ
1285 1263 1413 1319 παῖς
1456 1254 1583 1327 περὶ
1630 1260 1750 1306 RIV
1769 1265 1856 1307 654

68 1346 168 1398 τὸν
205 1343 411 1414 πατέρα
440 1346 686 1414 χρηστός.
727 1343 756 1397 ὁ
787 1344 892 1415 γὰρ
923 1352 1053 1406 παῖς
1082 1351 1352 1397 τοσοῦτον
1382 1344 1767 1415 ὑπεραλγήσας

67 1439 169 1486 τοῦ
214 1435 419 1503 πατρὸς
466 1435 723 1503 φαίνεται
768 1432 843 1496 ὡς
892 1435 1026 1503 μήτε
1071 1442 1184 1486 τῶν
1231 1434 1411 1487 ὄντων
1461 1435 1766 1502 φείσασθαι

71 1541 182 1548 -ν
194 1540 318 1544 ——A

191 1594 251 1639 Or
282 1616 338 1631 =
364 1593 521 1638 Codex
550 1593 887 1651 palimpsestus
919 1592 1379 1650 Hierosolymitanus
1414 1593 1456 1638 S.
1485 1593 1645 1639 Crucis
1672 1599 1727 1638 57

188 1654 246 1697 H
281 1676 337 1691 =
362 1652 823 1710 Hierosolymitanus
855 1652 900 1697 S.
926 1653 1144 1710 Sepulori
1171 1658 1254 1697 107

197 1714 242 1758 V
281 1735 337 1750 =
362 1714 623 1758 Vaticanus
655 1727 722 1771 gr.
749 1717 836 1756 940

190 1773 249 1816 M
281 1795 336 1810 =
362 1773 630 1818 Marcianus
662 1788 730 1831 gr.
756 1776 843 1816 439

197 1832 266 1876 Va
283 1854 339 1870 =
363 1832 622 1877 Vaticanus
653 1847 721 1890 gr.
747 1836 802 1876 82

189 1893 266 1936 La
283 1914 339 1929 =
363 1892 707 1936 Laurentianus
738 1890 863 1935 LVII
886 1895 943 1934 44

191 1951 236 1994 Β
284 1973 338 1989 =
364 1950 648 1996 Barberinus
678 1951 721 1995 H
745 1956 799 1995 41
833 1949 1004 2008 (Vatie.
1038 1950 1173 1994 Barb.
1201 1951 1303 2007 220)

190 2104 215 2142 3
248 2099 392 2144 Thuc.
416 2100 458 2143 Π
482 2105 554 2154 49,
573 2106 600 2144 4

189 2253 217 2291 4
249 2247 512 2300 ἀντίστασις
537 2248 599 2291 M
605 2248 675 2292 Va

191 2400 214 2439 1
249 2396 393 2440 αὐτοῦ
418 2397 476 2441 H
480 2396 724 2442 VVaLaB
754 2395 857 2439 Mor
886 2395 955 2439 Re
1017 2395 1249 2451 scriptura
1278 2394 1329 2438 in
1356 2395 1416 2441 Or
1445 2394 1626 2439 ineerta
1652 2395 1659 2453 Ι
1686 2411 1768 2440 νο-

70 2453 296 2510 σήσαντος
326 2455 418 2499 Par
449 2459 563 2499 3019
687 2459 713 2498 2
746 2455 911 2499 δώσειν
942 2453 1046 2499 Mor
1076 2454 1159 2499 sed
1189 2471 1245 2511 γρ
1278 2454 1526 2499 διαδώσειν
1557 2454 1609 2498 in
1631 2466 1767 2511 marg

71 2513 198 2570 quod
222 2527 247 2558 e
270 2528 486 2570 perversa
515 2512 878 2571 praepositionis
903 2516 983 2559 δια
1015 2513 1077 2558 ad
1102 2514 1246 2571 φύγοι
1267 2513 1318 2556 in
1342 2513 1556 2571 margine
1579 2512 1765 2570 positae

69 2573 297 2618 relahione
328 2573 592 2630 profeebum
622 2572 811 2617 videtur
931 2577 957 2616 3
990 2573 1135 2617 αὐτοῦ
1167 2574 1275 2629 posi.
1305 2571 1458 2628 πατὴρ
1482 2573 1529 2616 Β
1557 2574 1564 2629 Ι
1592 2572 1765 2628 διαφύ-

71 2648 147 2690 γοι
178 2632 342 2689 scripsi
374 2646 430 2676 ex
455 2634 507 2678 Η
516 2633 680 2677 VLaB
711 2631 802 2675 coll
835 2631 978 2676 Thuc.
1009 2631 1040 2676 l.
1065 2631 1095 2675 l.
1167 2631 1407 2688 ἀποφύγοι
1432 2633 1495 2676 Μ
1567 2630 1766 2689 ἐκφύγοι

82 2692 152 2736 Va
212 2692 444 2748 scriptura
474 2694 523 2735 in
551 2692 611 2736 Or
639 2692 820 2735 incerta
881 2691 1025 2748 φύγοι
1057 2690 1149 2735 edd
1291 2695 1319 2733 4
1351 2690 1664 2747 ἀποκηρύσσει
1697 2690 1766 2734 Va

132 2750 499 2807 ἀποκηρύττεται
522 2752 599 2796 La
674 2750 906 2806 scrip’mra
935 2750 987 2794 in
1013 2750 1073 2796 Ur
1110 2749 1291 2794 incerta
1434 2754 1460 2793 5
1506 2752 1559 2794 Η
1583 2746 1766 2805 θεωρία

70 2808 129 2852 H
134 2810 251 2854 VVa
327 2810 558 2866 scriptura
595 2810 645 2854 in
679 2809 739 2854 Gr
777 2810 956 2853 incerta
1030 2807 1213 2865 θεωρία
1244 2809 1320 2853 La
1359 2807 1416 2852 of.
1456 2809 1491 2852 t.
1516 2808 1560 2853 V
1588 2811 1765 2863 199‚3;

72 2871 172 2922 228,
191 2872 237 2922 33
275 2873 375 2924 370,
394 2874 441 2923 ὃς
474 2869 537 2913 VI
561 2873 669 2923 443,
690 2872 744 2911 10
875 2872 899 2911 ‘1
933 2868 1048 2924 ὑπὲρ
1081 2868 1286 2925 ἀλγήσας
1308 2868 1385 2912 La
1517 2871 1544 2910 8
1578 2865 1690 2911 ὥστε
1713 2867 1770 2911 H

0 2967 2 2973 ,
72 2926 174 2970 Mor
203 2927 270 2970 Re
1713 2946 1716 2948 ·
