2014 3158
360 129 766 174 PHILADELPHI
797 129 1224 175 ABDICATIONIS
1255 130 1492 175 ΡΕΤῙΤΙΟ
1676 132 1783 184 615

92 268 223 329 τοὺς
259 269 554 334 πολεμίους
593 265 811 335 ἀγαθὸν
851 266 1242 335 γεγενημένον,
1290 268 1355 320 τὰ
1402 267 1464 321 δὲ
1510 268 1648 337 πρὸς
1685 270 1784 323 τὸν

92 354 297 424 πατέρα
329 355 396 409 οὐ
429 363 685 409 τοιοῦτον
708 355 846 425 μηδὲ
876 357 1006 417 τοὺς
1038 358 1238 424 λόγους
1270 359 1400 420 τοὺς
1432 357 1553 427 ἄρτι
1583 357 1783 427 ρηθέν-

91 463 187 507 τας
242 446 319 507 εἰς
373 444 658 498 ἀναίδειαν
710 445 744 512 ἥ
799 465 924 498 τινα
979 446 1152 513 ἄλλην
1205 447 1401 498 κακίαν
1455 445 1783 517 ἀναφέρητε,

91 534 291 603 μικρὸν
356 532 629 587 ἀκούσατέ
685 554 818 602 μου,
879 535 1016 600 πρὸς
1077 539 1253 603 θεῶν,
1316 535 1784 606 ἀπολογουμένου.

91 623 328 675 πιστεύω
369 624 473 692 γὰρ
512 623 646 690 ὑμῖν
690 621 872 687 δόξειν
908 622 942 691 ἢ
981 620 1156 692 μηδὲν
1203 623 1520 693 ἠδικηκέναι
1563 624 1592 694 ἢ
1634 626 1785 679 ἄκων

93 711 469 782 ἡμαρτηκέναι.
534 712 581 765 8.
623 713 695 774 ὡς
747 713 853 782 γὰρ
911 711 1240 782 ἐγενόμεθα,
1292 711 1334 767 ὦ
1387 715 1661 784 δικασταί,
1716 721 1791 788 τῷ

91 799 254 870 πατρὶ
294 799 383 854 καὶ
422 802 526 869 ἤδη
573 797 710 870 ἦμεν
758 793 867 855 οἷοι
914 801 1174 871 δέχεσθαι
1221 804 1582 872 παιδεύματα,
1622 805 1783 874 ἄμφω

90 890 193 957 μὲν
228 888 466 958 ἔπεμπεν
506 892 583 953 εἰς
612 892 996 962 παιδοτρίβου,
1037 892 1199 961 ἄμφω
1241 892 1302 945 δὲ
1335 894 1413 955 εἰς
1445 892 1784 947 διδασκάλου

91 988 202 1032 τῶν
239 989 510 1032 τακτικῶν
547 979 812 1049 ἠσπάζετό
852 1001 910 1034 τε
958 981 1160 1050 ὁμοίως
1209 981 1654 1051 ἀναστρέφοντας
1692 981 1784 1036 καὶ

91 1068 229 1131 ὅλως
267 1068 390 1121 ἴσον
430 1065 585 1138 ἔνεμε
626 1071 814 1138 φιλίας
856 1068 1105 1143 ἑκατέρῳ.
1159 1072 1307 1140 παρὰ
1354 1072 1531 1124 πάντα
1579 1073 1646 1140 δὴ
1685 1072 1784 1126 τὸν

87 1158 308 1227 χρόνον,
349 1163 482 1211 εἴπω
522 1179 574 1212 τι
613 1168 726 1213 τῶν
764 1169 1032 1229 χρηστῶν,
1073 1156 1114 1212 ὦ
1147 1160 1335 1229 πάτερ,
1377 1161 1453 1222 εἰς
1491 1161 1590 1214 τὸν
1630 1160 1784 1214 ἀδελ-

89 1248 201 1316 φὸν
246 1245 336 1301 καὶ
383 1248 450 1301 οὐ
496 1250 699 1319 ποιήσῃ
745 1249 844 1302 τὸν
890 1246 1123 1303 ἔπαινον
1169 1251 1434 1319 ἔγκλημα;
1490 1250 1668 1303 πάντα
1716 1251 1784 1319 δὴ

87 1336 186 1389 τὸν
224 1339 428 1406 χρόνον
467 1345 668 1391 τοῦτον
707 1338 840 1391 οὐδὲ
878 1338 940 1391 ἓν
978 1332 1132 1392 εἶδον
1173 1338 1233 1391 ἐν
1273 1337 1490 1411 ἐκείνῳ,
1542 1340 1616 1408 μὰ
1654 1342 1786 1402 τοὺς

87 1427 275 1493 θεούς,
314 1436 425 1480 τῶν
465 1428 696 1498 αἰσχύνῃ
736 1429 1183 1498 περιβαλλόντων
1229 1427 1384 1496 νέον,
1432 1429 1535 1481 οὐκ
1580 1426 1787 1498 ἔρωτας

89 1517 379 1585 μανικούς,
420 1517 487 1570 οὐ
526 1518 737 1586 πληγὰς
773 1514 913 1586 ὑπὲρ
956 1515 1197 1587 ἑταίρας,
1242 1515 1361 1570 ἀλλ’
1411 1522 1500 1571 ἴσα
1539 1516 1784 1586 ἐβαδίζο-

87 1623 213 1673 μεν,
267 1605 438 1659 ταύτὰ
487 1605 861 1676 ἐφρονοῦμεν,
915 1615 1031 1669 τοῖς
1078 1606 1266 1669 αὐτοῖς
1313 1606 1627 1677 ἐχαίρομεν,
1676 1607 1783 1661 ἀπὸ

86 1702 198 1747 τῶν
251 1695 436 1748 αὐτῶν
486 1693 808 1765 ἐφεύγομεν.
874 1695 922 1748 9.
976 1695 1119 1749 οὕτω
1177 1693 1238 1748 δὲ
1292 1694 1426 1764 ἡμῖν
1463 1696 1647 1765 <τῶν>
1685 1705 1784 1750 τοῦ

0 1810 1 1813 “
87 1788 244 1837 οἴκου
292 1783 615 1854 φερομένων
663 1786 754 1838 καὶ
808 1785 1156 1855 παράδειγμα
1203 1786 1383 1839 ὄντων
1431 1785 1785 1853 εὐδαιμονίας

92 1874 318 1936 Φθόνος
366 1872 620 1942 ἐμβαλὼν
666 1873 931 1944 ἀνέτρεψε
977 1875 1156 1927 πάντα
1203 1873 1255 1938 ἐξ
1309 1869 1388 1927 ὧν
1429 1873 1782 1944 ἐζηλούμεθα.

86 1960 486 2032 ἀναφαίνονται
534 1964 639 2032 γὰρ
689 1965 986 2035 ἄνθρωποί
1026 1983 1174 2026 τινες
1219 1965 1452 2033 ἄμεινον
1505 1963 1638 2031 ἐμοῦ
1685 1971 1783 2018 τοῦ

204 2114 229 2153 8
263 2109 382 2153 Plat.
415 2109 515 2153 Alc.
543 2109 563 2152 I
587 2125 632 2166 p.
660 2114 743 2154 109
763 2109 825 2166 D3
859 2109 984 2154 Prot.
1010 2125 1054 2166 p.
1083 2115 1168 2154 326
1188 2109 1235 2154 C.
1270 2109 1402 2155 Chor.
1430 2125 1474 2166 p.
1505 2115 1604 2165 109,
1623 2110 1703 2153 513

207 2250 248 2289 2v
266 2244 326 2301 μὴ
353 2243 404 2289 δὲ
422 2244 607 2288 LPAth
630 2243 741 2287 Fen·
862 2247 887 2287 6
914 2243 1215 2301 ἐγεννώμεθα
1239 2245 1284 2288 Β
1312 2245 1318 2302 ι
1345 2230 1398 2287 ΞΒ”
1417 2245 1510 2289 Ath
1632 2247 1656 2285 τ
1683 2239 1786 2287 οἷον

85 2303 187 2347 Mor
308 2308 363 2348 10
395 2304 622 2360 punctum
645 2303 782 2360 posui
842 2303 977 2347 colon
1001 2303 1134 2347 Laur.
1161 2303 1283 2348 LVII
1309 2307 1364 2346 23
1428 2316 1608 2347 comma
1632 2303 1726 2346 Ath

0 2394 2 2398 -
85 2377 160 2407 om
192 2363 364 2420 reliqui
394 2362 504 2407 libri
538 2362 628 2406 edd
774 2366 826 2405 11
862 2377 1042 2406 comma
1073 2362 1210 2419 posui
1242 2376 1267 2407 e
1291 2363 1384 2407 LP
1441 2364 1666 2419 punctum
1692 2363 1785 2406 Ath

88 2423 243 2467 MosB
284 2423 374 2466 edd
423 2423 429 2478 Ι
479 2419 524 2465 τί
549 2421 798 2466 AthMosB
838 2421 932 2466 edd
1078 2427 1133 2465 12
1175 2422 1359 2479 signum
1399 2420 1783 2477 interrogationis

0 2468 2 2530 s
85 2482 221 2538 posui
299 2494 481 2526 comma
506 2482 550 2525 L
589 2481 699 2525 Ferr
773 2483 1002 2538 punctum
1026 2482 1322 2527 PAthMosB
1401 2480 1534 2525 colon
1574 2479 1676 2523 Mor
1715 2480 1783 2523 Re

0 2564 3 2601 =‚
207 2545 260 2584 13
294 2538 424 2586 εἶδον
457 2540 623 2596 scripsi
648 2553 673 2584 e
698 2542 743 2584 B
768 2554 871 2584 cum
897 2540 1108 2584 Iacobsio
1135 2540 1275 2584 Anth.
1301 2540 1398 2584 Pal.
1426 2539 1487 2582 111
1513 2543 1597 2582 595
1660 2535 1783 2583 εἶδεν

87 2601 177 2644 LP
212 2601 281 2644 Re
358 2597 486 2644 οἶδεν
518 2600 723 2644 AthMos
753 2599 863 2643 Ferr
894 2599 997 2644 Mor
1035 2600 1117 2656 qui
1156 2599 1213 2644 ἴσ.
1256 2594 1351 2644 οἶδ’
1386 2600 1436 2641 in
1474 2612 1610 2655 marg
1666 2600 1673 2654 Ι
1733 2597 1782 2641 ἐν

86 2673 161 2703 om
186 2660 231 2703 B
357 2664 411 2703 14
443 2660 494 2704 ἐν
526 2660 635 2703 anio
667 2658 863 2717 αἰσχύνῃ
890 2659 997 2704 Mos
1023 2661 1030 2714 Ι
1057 2658 1165 2704 νέον
1190 2660 1300 2703 Mos
1330 2657 1412 2702 sed
1444 2674 1468 2702 ο
1502 2671 1604 2701 corr
1663 2655 1783 2702 νέων

85 2720 179 2763 Ath
210 2719 320 2763 Fert
350 2718 454 2762 Mor
574 2722 629 2762 15
663 2713 739 2761 ἶσα
763 2719 858 2762 Ath
980 2723 1032 2762 17
1067 2719 1222 2763 αὐτῶν
1252 2717 1439 2773 reposui
1464 2730 1488 2760 e
1514 2715 1645 2759 libris
1678 2730 1783 2759 cum

0 2763 2 2804 ἶ
84 2777 295 2822 Iacobsio
327 2777 439 2821 Leot
471 2781 555 2820 136
634 2776 836 2835 αἰσχρῶν
876 2777 966 2820 edd
999 2778 1080 2821 sed
1112 2796 1166 2835 γρ
1201 2777 1354 2820 αὐτῶν
1391 2776 1441 2818 in
1472 2788 1607 2831 marg
1637 2774 1740 2819 Mor
1772 2774 1778 2831 Ι

84 2845 176 2881 τῶν
208 2844 291 2881 τοῦ
325 2836 457 2881 οἴκου
491 2835 760 2892 φερομένων
794 2836 958 2892 scripsi
992 2851 1097 2880 cum
1128 2835 1336 2879 lacobsio
1361 2834 1474 2878 Lech
1533 2841 1616 2878 τοῦ
1649 2833 1782 2878 οἴκου

0 2888 4 2918 ;
85 2895 345 2951 φερομένου
378 2895 487 2939 libri
520 2895 611 2939 edd
644 2895 725 2939 sed
761 2897 942 2951 „malim
973 2903 1064 2940 τῶν
1098 2895 1220 2939 οἴκοι
1253 2891 1548 2949 φερομένων“
1583 2893 1650 2936 Re
1715 2924 1718 2927 -

0 2959 2 3018 f
88 2958 140 2996 19
177 2953 363 3005 Φθόνος
395 2955 558 3011 scripsi
622 2951 807 3010 φθόνος
829 2953 939 3002 libri
963 2954 1055 3003 edd
1087 2954 1145 3000 cf.
1177 2969 1221 3010 p,
1250 2958 1349 3004 623,
1370 2957 1422 2996 17

1831 645 1851 679 5

1809 1092 1851 1125 1⁰

1809 1537 1852 1571 15

1809 1985 1852 2016 20
