2020 3146
821 367 1072 423 XXXIII.

148 497 150 502 “
222 493 536 541 Declamatio
574 493 818 555 inscripta
852 491 1235 559 Φιλαργύρου
1275 496 1412 552 παῖς
1449 490 1804 559 ιἀριστεύσατε,-

109 563 329 635 ᾔτησεν
368 566 451 626 εἰς
492 566 596 631 τὴν
636 564 862 633 δωρεὰν
905 569 1132 616 θαλλοῦ
1179 564 1476 630 στέφανον
1520 565 1619 616 καὶ
1661 565 1803 617 ἀπο·

109 641 489 707 κηρύσσεται,
529 658 626 704 qua
666 656 846 689 avarus
887 640 1046 689 filium
1079 641 1198 704 quia
1244 656 1475 690 coronam
1524 642 1805 706 oleaginam

109 717 312 764 virtutis
347 716 622 778 praemium
652 716 904 778 petiverat
934 715 1134 764 abdicat
1142 709 1203 782 1),
1234 715 1416 764 mirum
1455 718 1701 779 quantum
1731 717 1804 765 fa-

110 790 318 838 cundiae
342 790 648 838 Libanianae
673 789 1056 838 admiratoribus
1080 790 1285 853 placuit.
1338 790 1517 852 Itaque
1548 806 1647 838 non
1680 786 1805 839 ‘cor—

110 861 262 927 poris'
280 863 460 912 finibus
485 866 699 913 coercita
721 864 920 925 mansit,
938 864 1023 912 sed
1044 864 1099 911 in
1123 864 1401 927 complures
1425 864 1621 928 eclogas
1644 867 1803 913 trans-

109 939 172 986 iit
219 941 268 986 et
314 954 611 1003 permagnus
658 954 893 986 numerus
941 941 1016 986 est
1063 938 1288 987 codicum
1336 938 1517 1001 quibus
1566 939 1630 987 ad
1677 939 1807 988 hanc

111 1014 329 1061 aetatem
358 1014 598 1074 pervenit.
653 1012 780 1060 Sunt
812 1014 979 1061 autem
1009 1012 1062 1060 hi
1095 1015 1180 1061 43.

220 1087 413 1149 Incipio
445 1102 475 1135 a
508 1082 900 1150 ‘corporalibus'.

227 1165 270 1209 1.
303 1160 903 1224 Hierosolymitanus
937 1161 984 1210 S.
1019 1160 1299 1223 Sepulcri
1331 1163 1434 1212 107
1462 1154 1557 1228 (=
1581 1155 1655 1228 H)
1680 1176 1805 1210 saec.

110 1235 228 1283 XIV
258 1235 345 1284 fol.
373 1237 456 1284 70.
517 1236 644 1283 Vide
677 1240 711 1284 t.
736 1235 783 1281 V
813 1253 860 1298 p.
890 1237 996 1284 150
1013 1251 1084 1297 sq.
1149 1235 1363 1284 Contuli.

224 1312 270 1358 2.
302 1309 635 1358 Vaticanus
667 1327 739 1374 gr.
767 1311 874 1358 940
908 1303 1002 1376 (=
1028 1303 1099 1376 V)
1131 1325 1255 1359 saec.
1288 1305 1553 1375 XHIsXIV
1584 1309 1670 1358 fol.
1697 1310 1806 1357 57³¹.

114 1382 373 1433 Correctus
406 1386 482 1433 est
510 1385 742 1433 manibus
773 1384 988 1432 secunda
1028 1385 1078 1432 et
1108 1385 1260 1432 tertia
1292 1400 1419 1446 quae
1459 1386 1534 1432 est
1572 1384 1806 1433 recentis-

115 1459 255 1507 sima.
309 1458 437 1506 Vide
468 1460 503 1507 t.
529 1458 576 1504 V
605 1476 653 1521 p.
684 1459 786 1506 152
806 1474 878 1520 sq.
944 1457 1157 1506 Contuli.

215 1533 292 1580 Ex
315 1533 409 1581 hoc
432 1533 512 1581 vel
536 1534 692 1581 fratre
718 1533 826 1580 eius
843 1533 1054 1596 gemello
1072 1533 1310 1594 descripti
1333 1534 1449 1583 sunt
1472 1533 1569 1581 duo
1594 1532 1807 1581 codices:

224 1607 272 1654 3.
303 1607 685 1656 Matritensis
730 1608 925 1655 N-130
974 1621 1096 1655 saec.
1130 1606 1249 1654 XIV
1294 1607 1378 1655 fol.
1414 1608 1484 1654 ὃν.
1545 1606 1673 1655 Vide
1715 1609 1751 1654 t.
1784 1606 1809 1653 I

110 1697 156 1743 p.
184 1681 290 1729 428
309 1696 379 1743 sq.
413 1683 463 1729 et

218 1757 264 1802 4.
305 1755 680 1804 Monacensis
721 1773 792 1820 gr.
822 1757 887 1806 96
930 1771 1057 1804 saec.
1090 1754 1209 1803 XVI
1246 1755 1405 1802 f01.1.
1471 1753 1693 1804 Collatus
1733 1757 1811 1804 est

113 1845 143 1878 a
180 1829 384 1878 Reiskia
429 1830 482 1877 in
520 1846 669 1878 usum
711 1831 883 1879 mariti
922 1831 1009 1893 qui
1048 1845 1160 1878 eum
1199 1829 1502 1878 Bavaricum
1540 1829 1810 1878 secundum

114 1904 424 1967 appellatum
454 1906 575 1952 nota
605 1904 648 1952 B
679 1903 956 1968 insignivit.
1018 1903 1144 1951 Vide
1177 1905 1212 1951 t.
1236 1903 1283 1950 V
1314 1920 1362 1966 p.
1389 1904 1496 1951 364
1513 1919 1583 1966 sq.

226 1979 272 2026 5.
307 1976 629 2027 Chisianus
661 1978 706 2026 R
736 1978 809 2026 VI
834 1981 902 2027 43
938 1973 1032 2045 (=
1060 1971 1122 2044 C)
1155 1993 1279 2027 saec.
1294 1971 1579 2042 XmsXIV
1609 1978 1694 2026 fol.
1723 1979 1806 2027 10.

114 2038 374 2101 Cor-rectus
405 2054 555 2115 atque
588 2052 788 2102 scholiis
822 2056 1026 2102 ornatus
1051 2054 1126 2101 est
1155 2067 1308 2102 manu
1330 2052 1517 2100 recenti
1542 2044 1635 2118 (f).
1681 2051 1809 2099 Vide

111 2129 148 2173 t.
172 2125 198 2173 I
228 2143 274 2188 p.
306 2128 373 2175 10
392 2141 463 2188 sq.
528 2125 745 2176 Contuli.

235 2271 277 2325 1)
308 2268 486 2312 Ansam
511 2267 869 2312 declamationis
893 2267 1138 2312 Aeschinis
1162 2268 1219 2311 de
1245 2281 1416 2311 corona
1439 2266 1657 2325 oleagina
1679 2265 1810 2310 locus

114 2325 253 2382 (Ctes.
285 2332 310 2383 5
339 2330 441 2385 187)
482 2327 679 2371 Libanio
719 2327 904 2372 dedisse
943 2326 1142 2372 videtur.
1204 2326 1257 2370 In
1295 2339 1497 2384 persona
1533 2339 1640 2371 vero
1680 2325 1810 2370 avari

114 2387 422 2431 describenda
450 2386 602 2431 multa
634 2400 739 2430 cum
764 2386 1177 2431 characterismis'
1203 2388 1305 2430 tum
1330 2385 1599 2432 comoediae
1621 2384 1810 2429 Atticae

115 2446 269 2491 debet.
333 2445 400 2491 Cf.
432 2448 467 2490 t.
492 2446 617 2503 VIp
621 2450 745 2490 ,494
782 2447 879 2491 not.
906 2450 945 2490 2.
1009 2444 1144 2490 Unde
1185 2445 1329 2490 etiam
1367 2444 1628 2503 singulares
1667 2456 1810 2500 quae-

115 2505 224 2550 dam
257 2520 361 2550 cum
386 2505 714 2562 Aristophanis
736 2504 956 2550 Nubibus
980 2503 1314 2549 similitudines
1338 2504 1644 2561 explicantur.
1692 2502 1811 2548 Cho-

114 2564 281 2608 tioium
296 2564 543 2622 permultis
560 2564 677 2609 locis
694 2563 1052 2608 declamationis
1069 2563 1198 2608 avari
1221 2563 1368 2607 filium
1394 2563 1658 2608 abdicantis
1683 2577 1712 2606 a
1734 2574 1810 2606 me

116 2623 244 2667 edita
259 2623 376 2668 Mus.
394 2624 542 2668 Rhen.
556 2623 700 2667 XLIX
717 2628 804 2667 504
814 2637 881 2680 sq.
896 2637 1002 2667 eum
1018 2626 1229 2668 secutum
1246 2637 1347 2667 esse
1363 2622 1590 2680 Georgius
1605 2621 1809 2675 Pietsch‚

114 2682 185 2726 De
207 2681 422 2728 Choricio
445 2682 652 2728 Patrocli
684 2682 1040 2727 declamationis
1067 2684 1272 2737 auctore,
1295 2681 1484 2727 Vratisl.
1507 2685 1622 2726 1910
1647 2679 1809 2737 (Bresl.

115 2741 236 2786 Phil.
275 2742 510 2787 Abhandl.
550 2743 662 2786 fasc.
696 2745 771 2799 42)
809 2756 855 2810 p.
881 2746 935 2785 81
955 2755 1023 2798 sq.
1065 2741 1413 2786 demonstravit.
1482 2740 1651 2785 Paucis
1691 2739 1809 2783 locis

115 2800 242 2845 idem
273 2801 481 2846 evenisse
512 2802 562 2845 in
593 2801 890 2858 responsoria
919 2799 1006 2844 filii
1037 2800 1215 2845 ibidem
1238 2815 1282 2857 p.
1309 2804 1396 2844 483
1414 2814 1480 2855 sq.
1515 2813 1544 2843 a
1574 2813 1649 2843 me
1680 2798 1810 2842 edita

117 2859 308 2903 Carolus
354 2860 530 2904 Rother
584 2860 912 2904 dissertatione
961 2860 1018 2903 de
1066 2858 1268 2904 Choricii
1316 2859 1485 2903 studiis
1531 2857 1806 2902 Libanianis

116 2918 294 2976 scripta
323 2919 599 2976 propediem
631 2919 824 2963 evincet.
