2014 3158
813 586 951 642 XLI.

46 709 295 777 Λοιμὸς
334 708 544 777 ἐπεῖχε
583 708 698 777 τὴν
743 710 952 761 πόλιν.
1000 705 1275 777 ἔχρησεν
1312 708 1341 762 ὁ
1382 710 1538 773 θεὸς
1575 712 1734 764 παύ-

46 803 291 851 σασθαι
345 799 459 851 τὸν
514 797 767 867 λοιμόν,
824 798 879 850 εἰ
919 796 948 850 ὁ
996 798 1196 866 δῆμος
1250 796 1395 861 ἑνός
1447 819 1562 852 του
1610 809 1736 854 τῶν

44 891 332 940 πολιτῶν
385 887 585 939 παῖδα
638 887 926 939 θύσειεν.
981 882 1212 955 ἔλαχεν
1263 886 1291 939 ὁ
1342 895 1469 941 τοῦ·
1511 888 1734 957 μάγου.

44 976 462 1046 ὑπισχνεῖται
501 976 782 1029 παύσειν
812 976 928 1029 τὸν
960 977 1215 1045 λοιμόν,
1249 977 1304 1029 εἰ
1336 976 1735 1047 ἀπόσχοιντο

442 1071 557 1118 τοῦ
596 1065 842 1127 παιδός.
883 1065 1336 1133 βουλεύονται.
1782 1088 1802 1121 5

159 1184 204 1237 1.
239 1181 246 1255 Ι
284 1183 365 1237 Οὐ
405 1184 467 1237 τὸ
505 1191 730 1252 τοῦτον,
769 1179 811 1237 ὦ
851 1186 1095 1252 πολῖται,
1133 1183 1312 1237 πάντα
1348 1186 1556 1255 τρόπον
1601 1190 1825 1235 R1V724

47 1271 345 1343 ἐξαρπάσαι
383 1278 682 1343 πειρᾶσθαι
721 1273 821 1326 τὸν
859 1273 987 1326 υἱὸν
1034 1273 1131 1325 τὸν
1170 1271 1370 1327 ἑαυτοῦ
1409 1275 1737 1343 θαυμαστὸν

44 1358 192 1415 εἷναί
225 1382 318 1431 μοι
358 1363 526 1430 δοκεῖ,
565 1363 627 1416 τὸ
668 1359 729 1416 δὲ
766 1362 909 1432 ὑμᾶς
947 1370 1041 1431 τῆς
1079 1363 1290 1426 πόλεως
1321 1365 1594 1432 νοσούσης
1624 1384 1735 1418 τοι-

44 1452 226 1504 ούτων
271 1451 626 1521 καθημένους
670 1451 984 1520 ἀκροᾶσθαι
1039 1452 1232 1518 λόγων.
1288 1459 1429 1505 νοῦν
1481 1450 1583 1522 μὲν
1629 1455 1734 1523 γὰρ

43 1537 113 1609 ἦν
167 1539 409 1610 ἐχόντων
461 1541 781 1612 ἀνθρώπων
841 1539 942 1594 καὶ·
987 1540 1347 1611 βουλομένων
1407 1550 1613 1596 παῦσαι
1673 1543 1734 1596 τὸ
1761 1565 1803 1598 ιο

42 1631 214 1683 κακὸν
253 1629 427 1693 εὐθὺς
463 1630 772 1684 ὑπακοῦσαι
803 1640 920 1693 τοῖς
949 1631 1096 1702 παρὰ
1128 1638 1227 1685 τοῦ
1263 1636 1402 1684 θεοῦ
1434 1631 1523 1684 καὶ
1561 1631 1736 1701 μηδὲν

43 1720 188 1787 παρὰ
227 1727 398 1774 ταῦτα
429 1721 561 1788 μήτε
602 1718 785 1789 λέγειν
821 1722 956 1790 μήτε
995 1719 1220 1774 ἀκούειν
1250 1719 1479 1790 μηδένα·
1518 1719 1633 1774 ἐπεὶ
1674 1718 1734 1773 δὲ

165 1881 224 1926 Gr
296 1903 352 1918 =
377 1880 533 1926 Codex
563 1880 898 1938 palimpsesssus
930 1881 1388 1939 Hierosolymitanus
1422 1881 1465 1926 S.
1491 1880 1651 1927 Crucis
1677 1886 1731 1926 57

163 1942 210 1986 P
294 1962 351 1978 =
376 1940 615 1985 Parisinus
647 1955 716 1997 gr.
747 1945 862 1985 2988

162 2001 263 2045 Par
294 2022 350 2037 =
377 1999 621 2044 Parisinus
653 2015 720 2058 gr.
748 2005 863 2044 3019

164 2061 270 2105 Mos
292 2082 346 2097 =
373 2059 665 2116 Mosquensis
697 2074 796 2116 syn.
821 2064 908 2104 489

162 2120 222 2163 Μ
289 2141 345 2156 =
370 2119 634 2163 Marcianus
666 2134 733 2177 gr.
759 2124 845 2163 439

162 2180 207 2223 B
288 2202 343 2216 =
370 2178 654 2223 Barberinus
686 2178 728 2222 11
756 2183 811 2223 41
846 2179 1122 2237 (Vaticanus
1154 2179 1289 2224 Barb.
1317 2182 1420 2236 220)

163 2332 188 2371 8
222 2326 362 2384 Soph.
394 2327 502 2371 Ant.
530 2332 644 2372 1015

165 2481 189 2519 6
221 2475 520 2534 πραγματική
544 2477 751 2521 PParM

164 2631 185 2668 1
213 2622 333 2681 Ἄλλη
366 2623 537 2681 μελέτη.
576 2622 772 2679 Θεωρία.
806 2625 914 2668 ante
945 2624 1119 2681 Λοιμὸς
1149 2625 1241 2669 odd
1302 2623 1454 2668 delevi
1503 2627 1510 2680 Ι
1559 2624 1733 2681 Λοιμὸς

45 2710 99 2716 -
126 2689 152 2728 5
184 2684 485 2742 βουλεύονται
516 2698 591 2727 om
617 2685 725 2728 Mos
766 2685 772 2739 Ι
813 2683 898 2740 τὴν
930 2697 1005 2727 om
1030 2684 1075 2727 B
1197 2689 1221 2727 2
1256 2682 1280 2727 ὁ
1314 2687 1459 2740 δῆμος
1490 2697 1564 2728 om
1590 2684 1732 2728 PPar

46 2745 107 2788 M
145 2745 150 2802 Ι
195 2742 298 2793 ἑνὸς
327 2749 408 2786 τοῦ
433 2744 534 2787 Par
673 2747 698 2785 5
731 2743 811 2786 καὶ
842 2744 950 2786 ante
982 2743 1282 2801 βουλεύονται
1305 2744 1351 2786 Β
1494 2747 1520 2785 6
1554 2741 1732 2799 Μάγου

42 2800 311 2859 κατηγορία.
346 2803 454 2845 ante
483 2803 552 2846 Οὐ
585 2801 677 2845 edd
738 2801 889 2845 delevi
916 2804 924 2858 1
949 2800 1179 2857 παρόντες
1202 2803 1346 2846 PPar
1377 2804 1424 2846 et
1448 2819 1501 2858 γρ
1527 2801 1575 2844 in
1599 2816 1731 2858 marg

4 2895 6 2897 .
44 2861 145 2905 Mor
184 2860 241 2904 cf.
267 2876 312 2917 p.
339 2865 535 2915 372,16;
569 2865 735 2915 376‚3;
769 2865 934 2916 381,6;
968 2865 1164 2915 384,13;
1198 2865 1365 2916 389,1;
1399 2865 1498 2914 390,
1520 2865 1596 2914 143
1629 2865 1730 2914 391,

46 2924 101 2963 10
230 2924 253 2962 7
287 2937 343 2976 γρ
376 2919 576 2976 ἐμαυτοῦ
608 2919 657 2963 in
689 2933 823 2976 marg
853 2918 955 2963 Mor
1081 2924 1108 2963 8
1140 2936 1218 2976 μοι
1250 2934 1325 2963 om
1350 2921 1395 2963 B
1533 2924 1586 2963 12
1619 2919 1730 2975 μήτε

44 2978 236 3023 ἀκούειν
267 2978 377 3036 μήτε
407 2977 555 3035 λέγειν
583 2980 689 3023 Mos

1287 3052 1374 3096 24*
