2014 3158
197 123 305 176 734
661 125 931 185 [LIBANH]
962 125 1354 171 DEGLAMATIO
1387 126 1446 170 LI

194 260 507 332 διδασκάλῳ
561 262 842 331 χρώμενος
897 268 1181 333 συμφορᾷ,
1244 255 1327 325 οἷς
1390 262 1456 316 οὐ
1518 264 1624 330 πρὸ
1679 267 1889 317 πολλοῦ

193 359 376 419 φῶρες
422 349 667 413 ἐπιόντες
713 351 911 414 νυκτὸς
956 353 1233 419 κιβωτίοις
1281 352 1469 414 αὐτοῖς
1524 353 1736 406 ἅπαντα
1789 355 1888 406 τὸν

194 442 363 508 ὄλβον
415 439 713 509 ὑφείλοντο
768 440 1040 510 εὐπόρους
1101 440 1203 509 μὲν
1265 439 1318 504 ἐξ
1382 441 1606 511 ἀπόρων
1662 440 1890 505 ἑαυτοὺς

194 527 594 597 ἀποφήναντες,
635 527 880 592 ἐκείνους
919 526 980 582 δὲ
1018 530 1210 591 πενίας
1249 531 1326 592 εἰς
1365 526 1598 599 ἔσχατον
1635 533 1889 600 περιστή-

150 637 169 669 5
195 631 402 680 σαντες.
467 617 550 670 14.
590 625 753 671 τοῦτο
794 618 862 686 δὴ
903 618 1100 680 δεδιὼς
1148 617 1208 670 έν
1246 625 1399 691 μυχῷ
1433 627 1533 688 γῆς
1574 619 1888 690 κατορύττει)

193 707 259 758 τὰ
297 708 543 775 χρήματα
583 705 993 776 συγκατορύξας
1033 706 1272 774 ἐμαυτὸν
1310 709 1518 777 τρόπον
1551 706 1755 778 ἕτερον.
1797 708 1890 761 οὕ-

194 815 250 848 τε
285 796 394 865 ’γὰρ
435 797 513 858 εἰς
551 795 762 866 ἀγορὰν
797 795 1083 863 ἐμβάλλων
1115 797 1243 849 οὔτε
1276 796 1419 849 οἴκοι
1448 799 1782 866 καθήμενος,
1823 798 1889 850 οὐ

193 885 408 954 τροφὴν
437 879 889 955 προσφερόμενος
918 885 1016 938 τὸν
1048 892 1190 938 νοῦν
1221 885 1473 954 ἀφίστων
1507 886 1701 939 αὐτῶν.
1733 883 1891 939 ὠνει-

195 975 474 1042 ροπόλουν
513 974 730 1043 νύκτωρ
780 974 932 1027 αὐτά.
981 983 1226 1043 συνεχῶς
1274 974 1580 1043 ἐφιστάμην
1618 982 1694 1047 τῷ
1725 976 1890 1045 τόπῳ,

129 1083 170 1114 10
193 1065 566 1133 περιήθρουν,
613 1065 1015 1133 περιεσκόπουν
1060 1066 1134 1133 μή
1180 1064 1290 1117 πού
1337 1083 1389 1116 τι
1436 1062 1527 1116 καὶ
1574 1062 1890 1133 συνηνέχθη

194 1160 305 1204 τῶν
351 1150 688 1220 ἀβουλήτων.
755 1151 837 1205 15.
879 1151 1017 1206 ἀλλὰ
1064 1152 1195 1222 γάρ,
1243 1152 1392 1221 οἴμοι
1438 1161 1549 1204 τῶν
1595 1150 1890 1222 ἐπεισφρη-

194 1240 411 1294 σάντων
443 1242 663 1309 δεινῶν,
701 1250 816 1304 πῶς
847 1242 1004 1307 εἴπω;
1043 1251 1159 1304 πῶς
1191 1240 1481 1305 διεξέλθω;
1521 1241 1771 1311 ἐπέχεταί
1797 1261 1890 1308 μοι

194 1331 254 1382 τὸ
297 1329 521 1399 φθέγμα
559 1330 650 1383 καὶ
688 1332 945 1401 προπηδᾷ
981 1337 1082 1383 τοῦ
1122 1332 1291 1399 λόγου
1324 1331 1384 1383 τὸ
1418 1331 1679 1401 δάκρυον,
1711 1330 1889 1383 ἕωθεν

195 1419 434 1482 ἀναστὰς
461 1417 565 1472 κᾶν
594 1426 669 1490 τῷ
702 1421 850 1490 τόπῳ
883 1421 1180 1488 γενόμενος
1211 1421 1412 1482 εἰωθὸς
1444 1420 1527 1487 ὄν,
1559 1422 1746 1489 βαβαί,
1777 1428 1891 1481 πῶς

129 1527 170 1559 15
195 1507 296 1576 οὐχ
338 1507 369 1574 ἡ
409 1509 556 1577 ψυχή
595 1528 688 1575 μοι
728 1515 827 1561 τοῦ
871 1517 983 1561 τῶν
1031 1507 1280 1561 ὀδόντων
1327 1507 1522 1579 ἕρκους
1569 1509 1891 1576 ἀφίπταται;

195 1597 292 1649 τὸν
330 1593 458 1663 μὲν.
470 1598 723 1665 βόθυνον
763 1596 1229 1667 ἀνορωρυγμένον
1268 1596 1400 1666 ὁρῶ,
1439 1598 1506 1650 τὰ
1545 1600 1790 1666 χρήματα
1830 1594 1891 1650 δὲ

195 1685 459 1752 οὐδαμοῦ.
520 1686 602 1738 16.
643 1686 715 1747 ὡς
756 1685 818 1739 δὲ
857 1679 1034 1754 εἶδον,
1076 1686 1149 1748 ὡς
1187 1688 1516 1754 κατενόησα,
1557 1686 1736 1755 ὥσπερ
1777 1686 1890 1757 ἤχῳ

195 1776 432 1843 βροντῆς
469 1774 768 1843 παταχθεὶς
801 1773 986 1836 ἐννεὸς
1018 1773 1313 1842 ἐγεγόνειν.
1353 1776 1452 1843 τὴν
1485 1783 1580 1843 τῆς
1614 1776 1892 1844 Γοργόνος

197 1858 348 1917 εἶπεν
388 1865 456 1917 ἄν
494 1884 578 1927 τις
619 1866 756 1918 ἰδὼν
797 1864 939 1918 οὕτω
979 1868 1466 1934 μεταστοιχειῶσαί
1499 1884 1564 1933 με
1596 1866 1697 1933 τὴν
1727 1882 1891 1932 κεφα-

130 1975 173 2006 20
198 1956 314 2021 λήν.
354 1954 427 2015 ὡς
459 1954 521 2006 δὲ
551 1955 708 2023 μόλις
747 1953 1057 2020 ἀνενεγκὼν
1090 1952 1346 2024 ᾐσθόμην
1377 1945 1434 2006 οἶ
1469 1961 1640 2006 κακοῦ
1671 1951 1891 2021 γέγονα,

199 2043 439 2109 οἰμωγὰς
476 2045 852 2110 προσετίθουν
890 2051 1009 2104 ταῖς
1049 2044 1330 2111 οἰμωγαῖς,
1372 2041 1614 2111 ἀφειδῶς
1651 2051 1763 2094 τῶν
1797 2049 1892 2109 τῆς

110 2135 255 2179 Boiss.
273 2151 317 2192 p.
341 2140 423 2180 170
466 2135 707 2200 κεφαλῆς
744 2129 835 2183 καὶ
867 2131 1132 2198 πώγωνος
1169 2130 1506 2200 ἑδραττόμην
1539 2139 1756 2200 τριχῶν.
1796 2128 1838 2182 ὢ
1882 2127 1888 2199 Ι

197 2222 341 2273 πόσα
380 2228 479 2273 τοῦ
519 2220 810 2287 βαράθρου
849 2219 1124 2272 κατέπασα
1165 2220 1394 2288 δάκρυα,
1433 2221 1625 2282 πόσοις
1669 2233 1891 2285 στεναγ-

200 2317 320 2377 μοῖς
361 2307 686 2379 ἐχρησάμην.
726 2305 905 2360 ἕπεισί
931 2328 1026 2375 μοι
1058 2308 1362 2377 θαυμάζειν
1393 2308 1539 2370 ὅπως
1571 2308 1671 2360 οὐκ
1707 2306 1892 2376 ἀφῆκα

321 2503 343 2541 7
379 2498 436 2542 cf.
470 2498 530 2541 ad
561 2500 594 2541 t.
621 2498 661 2541 V
687 2502 785 2550 514,
807 2502 859 2541 16
983 2502 1038 2541 20
1070 2497 1178 2541 Luc.
1212 2497 1321 2541 Tox.
1351 2503 1402 2540 17

324 2666 376 2704 18
411 2661 553 2718 ἤγουν
587 2658 892 2718 ἑμβρόντητος
923 2661 970 2703 in
1004 2674 1137 2716 marg
1160 2659 1225 2704 ΡΣ

325 2830 345 2866 1
387 2825 648 2877 προπολλοῦ
674 2824 720 2867 Ρ
778 2836 879 2865 corr
914 2821 1044 2866 Boiss
1181 2827 1206 2864 2
1248 2823 1406 2870 αὐτοῖς
1445 2820 1609 2876 scripsi
1670 2821 1823 2863 αὐτῶν
1849 2819 1894 2860 Ρ

203 2882 334 2952 Bgiss
360 2883 441 2938 qui
464 2882 624 2933 αὐτοῖς
648 2882 802 2925 αὐτῶν
827 2880 930 2925 coni
947 2936 963 2943 „
1054 2886 1104 2923 11
1133 2879 1575 2936 ἐπισφρησάντωνΡ
1633 2892 1733 2922 corr
1756 2877 1889 2920 Boiss

327 2946 380 2984 18
412 2938 539 2992 ἐνεὸς
569 2940 701 2984 Boiss
824 2945 879 2982 20
912 2943 996 2984 οὑὶ)
1120 2944 1173 2981 23
1207 2938 1416 2996 βόθρουὶ)
