2014 3158
607 135 779 180 CAECI
813 136 949 179 FILII
979 134 1281 179 APOLOGIA
1687 135 1793 187 649

102 274 262 328 ἕνεκα
301 271 390 326 καὶ
430 271 628 336 τάξεως
667 270 757 324 καὶ.
797 279 890 340 τῆς
930 271 1095 339 ἄλλης
1140 272 1472 339 οἰκονομίας,
1512 269 1795 340 ἐξαιρέτως

103 360 164 416 δὲ
206 357 367 426 οὗτος
407 362 501 415 διὰ
539 363 640 430 τὴν
681 360 918 426 ἐνοῦσαν
949 362 1162 428 πλοκὴν
1201 359 1291 413 καὶ
1330 360 1680 430 περιπέτειαν
1717 368 1791 431 τῷ

102 452 389 521 πλάσματι.
429 452 477 503 2.
504 453 724 519 ζητοῦσι
756 446 858 517 μὲν
890 444 993 502 οὖν
1026 449 1080 501 οἱ
1110 450 1205 511 τὰς
1238 449 1571 518 διαιρετικὰς
1603 447 1795 518 τέχνας

104 541 522 611 συγγράψαντες
576 541 811 608 πότερον
864 538 999 591 κατὰ
1055 537 1358 605 κεφάλαιον
1421 536 1649 591 ἕκαστον
1712 538 1795 591 δεῖ

29 659 34 663 -
102 635 398 699 προθεῖναι
446 629 546 698 τὴν
594 626 943 691 ἀντεξέτασιν
988 626 1359 695 ποιουμένους
1406 625 1439 694 ἢ
1487 627 1680 680 διόλου
1732 627 1793 680 τὸ

101 718 265 788 μέρος
303 720 698 787 πληρώσαντας
738 716 914 780 οὕτως
954 714 1040 769 ε’πὶ
1080 716 1140 769 τὸ
1181 715 1370 785 ἕτερον
1408 714 1664 784 μετιέναι.
1704 714 1794 769 καὶ

103 811 387 876 ζητοῦντες
435 807 790 874 εὑρίσκουσιν
836 805 1343 874 ἀγώνιστικώτερον
1395 802 1497 874 μὲν
1549 805 1609 857 τὸ
1661 806 1796 858 κατὰ

15 900 18 902 ’
102 897 406 967 κεφάλαιον
467 900 750 949 ποιεῖσθαι
813 896 913 964 τὴν
976 893 1349 962 άντεξέτασιν,
1410 896 1666 963 πλείστης
1735 891 1795 947 δὲ

0 2391 17 2547 Ξ

105 986 423 1055 συγχύσεως
456 990 654 1053 αἴτιον,
694 985 755 1038 τὸ
791 984 851 1037 δὲ
885 985 1076 1037 διόλου
1111 981 1451 1052 σαφέστερον
1482 981 1601 1052 μέν,
1639 983 1795 1037 ὑπτι-

105 1075 315 1145 ώτερον
354 1073 429 1127 δέ.
470 1074 561 1126 καὶ
600 1072 755 1136 τέλος
794 1076 1020 1142 ἔκριναν
1058 1071 1334 1143 προτέραν
1371 1068 1473 1141 μὲν
1511 1078 1795 1126 ποιεῖσθαι

102 1164 203 1233 τὴν
235 1162 543 1232 ἀπολογίαν
575 1162 898 1233 ὁλόκληρον,
939 1160 1205 1232 δευτέραν
1238 1161 1298 1214 δὲ
1330 1162 1431 1230 τὴν
1462 1164 1796 1232 κατηγορίαν

101 1252 302 1323 ὁμοίως
341 1259 436 1321 τῆς
475 1252 802 1321 ὑπτιότητος
848 1249 1078 1305 ἔλαττον
1117 1252 1516 1319 φροντίσαντες
1563 1252 1656 1305 διὰ
1694 1251 1796 1319 τὴν

102 1344 424 1411 σαφήνειαν.
465 1342 512 1394 3.
554 1340 708 1411 ἡμεῖς
749 1338 808 1394 δὲ
848 1341 985 1394 κατὰ
1017 1341 1259 1410 δύναμιν
1291 1338 1663 1409 φυλαξάμενοι
1694 1341 1796 1409 τὴν

103 1430 163 1485 ἐν
203 1429 479 1500 ἑκατέροις
525 1434 724 1484 κακίαν
763 1432 863 1500 τὴν
902 1429 1102 1501 ἀρετὴν
1132 1432 1515 1499 τετηρήκαμεν.
1554 1437 1654 1482 τοῦ
1693 1426 1795 1499 μὲν

102 1512 206 1590 γὰρ
246 1522 307 1573 τὸ
348 1518 655 1589 ἐναγώνιον
696 1520 1028 1588 ζηλώσαντες
1060 1520 1160 1587 τὴν
1193 1519 1466 1586 σύγχυσιν
1497 1519 1795 1588 διαπεφεύ-

101 1629 292 1678 γαμεν,
333 1617 431 1663 τοῦ
473 1606 534 1662 δὲ
575 1609 634 1662 τὸ
675 1609 875 1662 ὕπτιον
914 1607 1290 1677 φυλαξάμενοι
1330 1608 1391 1661 τὸ
1434 1604 1606 1676 σαφὲς
1647 1626 1796 1677 τετη-

103 1700 357 1769 ρήκαμεν.
398 1698 446 1750 4.
481 1698 628 1761 ὅπως
668 1698 729 1751 δὲ
768 1705 931 1751 τοῦτο
964 1698 1340 1766 κατώρθωται,
1381 1697 1584 1767 ῥᾳδίως
1624 1697 1792 1765 δηλώ-

102 1801 186 1840 σει
224 1787 438 1855 προϊὼν
477 1786 505 1840 ὁ
545 1789 723 1855 λόγος.
758 1788 858 1855 τὴν
897 1788 1001 1856 γὰρ
1039 1785 1344 1853 ἀπολογίαν
1384 1785 1589 1858 ἑκάστῳ
1628 1805 1795 1855 κεφα-

104 1879 238 1948 λαίῳ
278 1877 673 1946 προτάττοντες
719 1877 820 1945 τὴν
869 1879 1205 1946 κατηγορίαν
1253 1874 1524 1944 έπάγομεν
1570 1873 1661 1928 καὶ
1699 1876 1796 1937 τὰς

221 2072 247 2110 5
280 2067 337 2111 cf.
370 2069 404 2111 t.
429 2067 470 2111 V
495 2072 595 2123 393,
615 2072 669 2111 15

224 2251 246 2289 1
282 2243 522 2300 ἐξεραίτως
553 2246 643 2289 edd
676 2246 757 2289 sed
792 2247 1005 2301 „emenda
1037 2245 1301 2301 ἐξαιρέτως“
1329 2245 1430 2289 Mor
1461 2245 1556 2289 Not
1579 2245 1611 2288 f.
1636 2244 1719 2287 VII
1745 2250 1795 2287 4*

223 2310 247 2349 2
272 2305 447 2361 πλοκὴν
473 2304 636 2361 scripsi
663 2319 718 2349 ex
735 2306 791 2348 Η
798 2306 1146 2351 VViManArh
1208 2304 1476 2361 συμπλοκὴν
1494 2305 1684 2349 BVaM
1706 2304 1794 2347 edd

222 2370 248 2407 3
280 2363 517 2421 πράγματι
541 2365 631 2408 Μα
662 2364 744 2408 sed
767 2364 998 2421 πλάσματι
1022 2378 1236 2422 suprascr
1259 2365 1342 2419 ωδ,
1371 2365 1422 2409 Cl
1542 2368 1569 2406 4
1602 2362 1794 2407 ἕκαστον

104 2423 153 2467 in
185 2437 319 2481 marg
349 2423 477 2467 inser
500 2423 708 2468 AthMa⁸
843 2429 868 2468 5
901 2428 1155 2478 προθεῖναι
1186 2423 1350 2481 scripsi
1382 2425 1435 2466 ui:
1467 2422 1571 2466 coni
1604 2422 1672 2466 Re
1705 2421 1792 2466 coll

100 2476 134 2527 l.
165 2487 219 2527 19
295 2487 580 2536 προσθεῖναι
611 2483 840 2529 Vi³MaGl
882 2483 964 2528 sed
1006 2484 1056 2527 in
1098 2484 1187 2528 hoc
1219 2497 1244 2526 σ
1275 2497 1398 2536 eras,
1431 2483 1592 2526 AthM
1630 2481 1720 2525 edd

0 2554 16 2609 ἦ
106 2546 377 2599 προσθῆναι
403 2542 505 2585 HV
560 2541 867 2597 προστιθέναι
892 2543 1016 2588 BVa
1042 2545 1048 2599 Ι
1083 2543 1374 2599 ποιούμενος,
1406 2539 1434 2596 ἢ
1467 2538 1531 2585 δι’
1569 2538 1676 2585 ὅλου
1700 2541 1795 2585 Ath

224 2606 248 2644 6
280 2602 588 2657 πληρώσαντα
613 2603 657 2646 Β
700 2605 706 2657 Ι
747 2598 828 2646 τὸν
853 2603 915 2646 M
943 2603 1045 2646 Mor
1166 2607 1188 2646 7
1223 2600 1482 2656 εὑρίσκουσι
1508 2600 1600 2644 Ath
1634 2601 1641 2655 Ι
1676 2601 1795 2657 ἀγω-

106 2661 426 2714 νιστικώτερον
458 2674 535 2704 om
559 2661 653 2704 Ath
772 2665 798 2704 9
831 2662 1086 2718 συγχύσεως
1120 2663 1162 2706 V
1188 2661 1268 2704 sed
1301 2677 1357 2718 χυ
1388 2660 1438 2704 in
1461 2673 1536 2702 ras
1559 2658 1629 2702 m'
1689 2673 1795 2715 συγ-

16 2750 21 2758 .
105 2720 314 2776 γνώσεως
339 2721 396 2764 H
401 2719 479 2763 Vi³
505 2722 511 2774 1
539 2718 591 2764 δὲ
624 2734 699 2763 om
724 2721 781 2764 Η
787 2721 912 2765 VVi³
938 2723 944 2775 1
973 2718 1038 2766 δι’
1074 2721 1182 2766 ὅλου
1207 2721 1300 2764 Ath
1423 2724 1475 2762 11
1509 2716 1794 2775 κατηγορίαν

105 2779 151 2822 Β
184 2780 232 2822 et
261 2778 310 2822 in
340 2792 416 2822 ras
449 2778 540 2823 Va²
589 2779 595 2837 Ι
645 2778 862 2834 δεύτερον
890 2780 1170 2824 HVVi³Ath
1219 2782 1225 2835 Ι
1271 2776 1528 2834 ἀπολογίαν
1551 2778 1679 2822 BVa
1739 2794 1793 2834 γρ

13 2867 17 2870 -
107 2835 374 2895 ἀντιλογίαν
405 2838 454 2881 in
478 2851 613 2894 marg
636 2837 737 2881 Mor
869 2843 922 2882 13
956 2839 1280 2894 καταδύναμιν
1305 2838 1398 2881 Ath
1424 2839 1431 2894 Ι
1457 2836 1542 2893 τὴν
1573 2838 1681 2880 ante
1713 2836 1793 2880 δύ-

2 3030 23 3158 mh«
4 2997 20 3010 .'
9 2964 15 2980 ⁴—

107 2913 248 2952 ναμιν
274 2899 362 2941 Μα
485 2902 540 2939 14
572 2899 620 2940 et
646 2902 699 2940 16
727 2898 827 2955 τοῦ]
852 2897 902 2941 τὸ
930 2898 1009 2941 Vi³
1132 2902 1183 2940 17
1217 2904 1299 2941 τοῦ
1326 2897 1417 2940 Ath
1540 2901 1594 2939 18
1626 2896 1677 2940 δὲ
1703 2895 1796 2940 Ath

228 2960 281 2998 19
307 2955 676 3010 παρα-τάττοντες
693 2956 739 2999 Β
751 2957 818 2999 Va

1820 1096 1863 1128 10

1821 1540 1863 1573 15
