1986 3158
134 115 216 158 XII
411 133 417 139 ·
802 113 1144 158 PRAEFATIO

134 248 393 320 M(ondr)y
431 254 725 302 Beaudouin
764 254 882 302 Rev.
917 255 1024 302 crit.
1061 255 1200 303 1908
1235 271 1281 303 n.
1313 255 1378 302 31
1421 271 1467 316 p.
1496 257 1563 304 87
1605 256 1823 320 βεβαίως.

134 329 204 376 At
235 328 354 390 quid
392 330 553 392 magis
593 328 753 376 invita
791 327 1016 376 Minerva
1056 328 1322 376 coniectari
1359 331 1527 391 potuit
1566 345 1714 391 quam
1755 330 1827 378 δι-

134 402 283 460 καίως
317 419 346 450 a
376 401 601 450 Maasio‘?
657 403 729 449 Eo
765 404 874 463 ipso
909 402 1041 464 quod
1073 402 1322 450 antecedit
1361 401 1478 465 μετὰ
1515 409 1602 451 τοῦ
1635 403 1830 453 δικαίου

135 477 429 538 exploditur.

246 551 372 598 Item
411 550 793 612 impiobandum
834 550 966 612 quod
1004 552 1038 597 t.
1072 549 1145 596 IV
1177 552 1300 611 402,
1321 552 1350 598 3
1386 548 1583 616 μέγιστα
1613 548 1829 616 κέκριται
1877 548 1880 555 ’

135 625 334 672 πάντων
380 632 476 673 τῶν
523 619 638 689 παρ’
691 625 912 672 ὡντινων
962 621 1300 689 γεγενημένων
1351 626 1563 673 formam
1610 625 1830 674 ὡντινων

136 699 343 747 coniecit
374 699 665 749 mutandam
695 699 748 745 in
780 695 1107 747 ὡντινωνοῦν.
1165 698 1298 746 Scire
1323 698 1494 746 debuit
1520 699 1599 747 vel
1625 716 1649 746 e
1673 698 1830 747 Krue-

137 774 240 836 geri
274 773 600 836 grammatica
625 775 674 820 et
699 773 740 820 si
764 774 910 835 plura
934 788 1134 821 noscere
1159 773 1333 834 voluit,
1367 789 1392 820 e
1417 775 1539 821 meis
1565 769 1831 835 quaestio-

135 847 279 895 nibus
313 848 371 896 de
405 848 703 895 attractione
734 848 1083 909 pronominum
1121 843 1466 895 relativarum'
1500 864 1547 909 p.
1575 848 1642 895 36
1678 850 1727 894 et
1760 849 1828 895 37

137 924 289 968 etiam
320 937 591 982 pronomen
624 919 754 980 ὅστις
784 938 874 983 per
903 923 1062 969 totam
1096 920 1428 969 Graecitatem
1459 922 1613 970 talem
1642 923 1695 969 in
1727 938 1829 970 mo-

138 996 253 1043 dum
287 996 620 1044 assimilatum
653 1011 769 1043 esse.
825 995 1065 1058 Exempla
1098 994 1377 1043 Libaniana
1415 995 1634 1057 proferre
1666 1011 1832 1058 super-

136 1070 289 1117 fluum
322 1070 460 1120 duc0.

249 1143 473 1205 Denique
515 1144 909 1192 emendationem
949 1160 1075 1205 quae
1121 1144 1355 1190 facillime
1402 1144 1618 1192 inveniri
1663 1145 1832 1212 potuit

138 1218 269 1279 quod
315 1234 414 1266 non
459 1220 733 1266 invenerim
779 1218 902 1265 mihi
948 1218 1219 1280 opprobrio
1261 1219 1415 1266 vertit
1453 1220 1488 1266 t.
1514 1218 1585 1264 IV
1620 1219 1828 1278 115,16

136 1292 221 1339 ubi
253 1292 303 1338 in
342 1292 505 1340 verbis
547 1289 661 1341 οὐδὲ
700 1290 1036 1356 ἀπηλλαχότας
1073 1289 1206 1357 παρὰ
1244 1298 1387 1340 τοῦτο
1427 1299 1524 1339 τῶν
1563 1289 1696 1354 παρὰ
1733 1298 1832 1339 τῶν

138 1373 385 1427 σοφιστῶν
402 1365 569 1425 αὐτοῖς
585 1373 752 1414 κακῶν
769 1383 858 1428 pro
876 1359 1102 1432 παρὰ(1)
1123 1366 1434 1414 scribendum
1452 1368 1518 1414 sit
1535 1363 1630 1413 διὰ.
1656 1367 1832 1429 Apage

139 1456 169 1487 a
185 1440 393 1488 Libanio
417 1441 546 1488 tales
572 1441 952 1489 emendationes.
985 1441 1115 1488 Nam
1139 1440 1266 1487 illud
1290 1440 1455 1502 ipsum
1478 1438 1611 1506 παρὰ
1636 1440 1834 1503 egregie

139 1515 379 1578 singulari
418 1516 800 1577 praepositionis
839 1513 971 1580 παρὰ
1010 1516 1123 1562 usui
1161 1513 1436 1562 Libaniano
1477 1516 1727 1575 convenit,
1776 1516 1833 1561 ut

141 1589 299 1636 elucet
330 1605 355 1636 e
386 1589 507 1637 locis
531 1592 567 1637 t.
591 1590 642 1637 ΙΙ
669 1590 880 1650 339,10
913 1587 972 1638 οὐ
1007 1587 1106 1652 μὴν
1137 1587 1269 1652 παρὰ
1301 1594 1444 1636 τοῦτο
1469 1585 1832 1653 ἑθορυβοῢντος

142 1665 310 1722 92,11
347 1662 648 1729 βραδύτερον
679 1661 811 1729 παρὰ
843 1661 934 1726 τὴν
965 1662 1107 1711 τοῦδε
1141 1659 1391 1726 μέλλησιν,
1431 1662 1477 1708 V
1511 1663 1633 1723 344,
1653 1663 1682 1709 9
1715 1660 1831 1720 τοὺς

142 1739 313 1801 Τρῶας
344 1741 410 1804 τῷ
441 1735 634 1804 πολέμῳ
666 1741 860 1801 κρατεῖν
891 1734 1025 1803 παρὰ
1055 1735 1146 1800 τὴν
1177 1734 1300 1800 ἐμὴν
1331 1733 1563 1800 ἡσυχίαν,
1604 1736 1675 1783 IV
1710 1736 1831 1795 281,

144 1811 210 1859 15
243 1808 391 1859 πλέον
425 1812 603 1875 βιῶναι
640 1809 774 1876 παρὰ
811 1811 902 1875 τὴν
943 1809 1173 1874 φυλακὴν
1206 1803 1316 1873 μήτ’
1354 1805 1429 1858 ἐπ’
1466 1809 1662 1859 ἔλαττον
1700 1807 1834 1872 παρὰ

140 1883 193 1933 τὸ
225 1887 431 1947 τολμᾶνς
472 1885 543 1933 VI
569 1887 742 1947 30,10
774 1878 890 1951 παρ’
927 1883 1146 1942 ἐκείνους
1181 1883 1429 1946 φήσουσιν
1468 1878 1595 1932 εἶναι
1632 1881 1690 1931 τὰ
1725 1882 1831 1971 μιά-

141 1973 298 2021 σματα
330 1956 444 2017 τοὺς
474 1956 766 2021 ἁψαμένους
795 1958 981 2018 αὑτῶνς
1014 1957 1087 2006 IV
1114 1959 1197 2019 59,
1218 1960 1247 2005 2
1281 1963 1369 2005 τοῦ
1400 1957 1626 2016 πλείονος
1656 1956 1833 2008 τούτου

140 2030 273 2096 παρὰ
319 2031 434 2090 τοὺς
481 2033 662 2091 παῖδας
707 2031 1026 2098 γιγνομένους
1074 2031 1152 2080 ΠΙ
1184 2033 1306 2092 438,
1328 2034 1394 2079 14
1435 2026 1550 2095 παρ’
1593 2027 1723 2095 ἡμᾶς
1762 2023 1832 2078 ὧν

140 2124 157 2154 ε
145 2104 341 2173 χρηζον
373 2103 710 2170 ἀτυχήσαντες.

253 2179 413 2228 Venio
446 2181 508 2228 ad
542 2184 829 2243 extremum,
861 2181 1115 2243 prooemia
1147 2182 1196 2227 et
1219 2181 1376 2229 notas.
1409 2178 1563 2239 „Sehr
1594 2179 1833 2226 dank'ens-

143 2257 265 2302 wert
295 2252 406 2314 ist,“
446 2254 624 2316 inquit,
659 2255 785 2316 „dass
817 2220 870 2303 ⁷F.
898 2255 1026 2303 auch
1058 2255 1217 2317 einige
1249 2270 1358 2300 zum
1390 2217 1716 2301 Verstandnis
1749 2252 1835 2300 des

145 2328 321 2375 Textes
346 2329 592 2376 nfitzliche
611 2330 988 2393 Bemerkungen
1011 2327 1216 2392 beigibt,
1240 2343 1330 2375 vor
1355 2327 1501 2374 allem
1518 2344 1602 2374 zur
1619 2327 1834 2375 Chrono-

143 2403 274 2464 logie
308 2402 407 2448 und
441 2418 527 2449 zur
551 2402 992 2467 Prosopographie.
1039 2403 1166 2449 Dem
1198 2400 1524 2465 eigentlichen
1548 2401 1718 2448 Inhalt
1749 2399 1836 2448 der

146 2476 394 2522 einzelnen
422 2475 604 2523 Stficke
636 2477 830 2525 freilich
862 2475 1026 2538 opsert
1052 2492 1103 2524 er
1126 2491 1222 2523 nur
1244 2475 1418 2522 immer
1447 2475 1589 2521 einen
1613 2474 1834 2521 Relativ-

145 2552 247 2597 satz
281 2550 364 2597 des
397 2552 561 2597 ersten
594 2550 762 2598 Satzes
795 2551 879 2598 der
912 2550 1223 2613 Einleitung,
1263 2549 1350 2596 der
1386 2550 1456 2595 im
1494 2548 1702 2610 fibrigen
1742 2548 1836 2594 mit

146 2623 554 2671 erschreckender
601 2623 1059 2687 Gleichformigkeit
1104 2640 1198 2670 nur
1244 2621 1455 2670 dariiber
1501 2623 1724 2684 aussagt‚
1771 2620 1832 2667 ob

145 2696 232 2744 das
267 2696 421 2745 Stiick
453 2699 619 2758 spater
647 2698 746 2745 viel
778 2697 895 2745 oder
918 2699 1082 2760 wenig
1113 2697 1310 2760 gelesen
1333 2695 1533 2744 worden
1563 2695 1644 2753 ist,
1675 2694 1836 2741 wofiir

146 2771 276 2818 dann
309 2770 618 2834 regelmassig
650 2771 721 2819 als
755 2772 942 2834 einzige
976 2773 1174 2834 Zeugen
1207 2770 1284 2817 die
1319 2769 1702 2817 Handschriften
1733 2766 1834 2814 und

147 2844 224 2891 die
250 2845 583 2906 Exzerptoren
609 2844 691 2891 des
724 2847 898 2906 spaten
922 2845 1242 2893 Mittelalters
1274 2843 1360 2891 der
1387 2842 1538 2890 Reihe
1569 2842 1696 2889 nach
1727 2840 1835 2888 auf-

148 2918 492 2965 marschieren.
537 2907 669 2965 Uber
701 2917 793 2965 den
818 2917 1026 2965 Aufbau
1059 2918 1145 2966 der
1174 2917 1322 2978 Rede,
1352 2917 1474 2964 iiber
1504 2915 1582 2963 die
1615 2913 1832 2963 Grenzen
