2044 3168
251 127 359 180 350
694 126 958 186 [LIBANn]
993 126 1387 172 DECLAMATIO
1419 127 1497 171 XL

360 263 447 317 48.
489 264 629 334 Περὶ
667 261 770 331 μὲν
809 259 914 317 οὖν
963 271 1058 332 τῆς
1102 261 1300 326 παιδὸς
1345 271 1613 317 τοσοῦτον
1659 262 1764 334 ἐγὼ
1805 266 1938 319 δυσ-

248 353 415 423 τυχὴς
475 351 565 405 καὶ
627 361 792 406 τοῦτο
854 355 915 407 τὸ
969 351 1134 422 μέρος
1188 352 1217 406 ὁ
1271 353 1623 421 κακοδαίμων
1676 354 1750 417 ὡς
1802 351 1939 424 μηδὲ

247 444 521 495 πλειόνων
569 443 789 496 δεῖσθαι
835 444 1017 511 λόγων
1065 442 1139 505 ὡς
1185 441 1252 495 οὐ
1298 442 1467 495 πάλαι
1511 443 1798 513 προῦδωκε
1836 444 1938 513 τὴν

247 532 623 602 σωφροσύνην
673 530 867 601 ἐκείνη.
922 533 974 584 εἰ
1025 532 1127 602 γὰρ
1180 531 1241 584 τὸ
1296 531 1602 600 βούλεσθαι
1655 540 1936 602 πανταχοῦ

202 642 221 675 5
246 630 362 683 τοῖς
400 623 592 690 νόμοις
630 621 960 674 ὑπεύθυνον
997 618 1088 674 καὶ
1128 621 1194 674 τὰ
1233 628 1329 689 τῆς
1368 620 1587 690 γνώμης
1625 619 1938 691 ἀνιχνεύειν

244 710 532 779 προῦργου
564 719 680 773 τοῖς
712 712 1010 778 δικασταῖς,
1042 711 1103 762 τό
1135 729 1198 778 γε
1229 712 1302 779 μή
1333 730 1458 763 τινα
1489 720 1601 764 τῶν
1631 710 1937 781 ἀλλοτρίων

246 795 388 851 εἶναι
442 800 540 852 τὸν
594 797 941 862 ἐξαπατῶντα
1003 799 1105 852 οὐκ
1167 795 1319 868 οἶμαι
1379 806 1479 852 τοῦ
1535 805 1936 869 μεμοιχεῦσθαι

244 889 451 957 ταύτην
490 889 679 942 δοκεῖν
709 886 1010 956 ἐξελέσθαι,
1051 888 1135 941 ὅτι
1166 888 1304 957 μηδὲ
1334 888 1433 941 τὸν
1465 888 1538 950 ὡς
1570 887 1936 942 ἀποκτενοῦν-

243 997 309 1030 τα
349 978 409 1030 τὸ
442 977 606 1045 βέλος
635 976 1000 1047 ἐπιρρίψαντα
1031 975 1150 1046 μέν,
1190 977 1293 1030 οὐκ
1325 977 1701 1046 εὐτυχήσαντα
1741 974 1800 1030 δὲ
1835 978 1937 1046 τὴν

177 1088 220 1120 10
243 1067 419 1134 βολὴν
457 1074 556 1121 τοῦ
598 1068 784 1120 δοκεῖν
822 1065 1178 1136 ἀνδροφόνον
1217 1067 1278 1120 τὸ
1318 1067 1390 1135 μὴ
1424 1067 1488 1119 τὰ
1524 1067 1710 1136 καίρια
1747 1076 1935 1135 τυχεῖν

244 1154 575 1209 ἀπολύσεται
616 1153 748 1209 οὐδὲ
786 1156 884 1208 τὸν
924 1155 1122 1218 νυκτὸς
1161 1153 1493 1225 ἐπιθέμενον
1531 1155 1633 1225 μὲν
1665 1155 1738 1218 ὡς
1768 1155 1934 1224 ὑφαι-

244 1248 569 1314 ρησόμενον,
609 1243 945 1314 φωραθέντα
985 1244 1047 1297 δὲ
1084 1246 1354 1316 πρότερον
1392 1243 1538 1298 τοῦτ’
1587 1245 1721 1298 αὐτὸ
1761 1245 1821 1298 τὸ
1861 1245 1934 1314 μὴ

243 1337 433 1403 λαβεῖν
473 1334 543 1397 ὡς
583 1333 921 1402 ἀνέγκλητον
968 1332 1322 1404 ἐξαιρήσεται.
1391 1333 1479 1386 49.
1518 1335 1681 1387 τοῦτό
1719 1353 1804 1386 τοι
1842 1331 1934 1386 καὶ

243 1423 272 1476 ὁ
322 1423 503 1486 δεινὸς
550 1423 756 1485 ἐκεῖνος
803 1423 941 1493 ἀνὴρ
966 1421 1314 1492 ·ε’ξηπίστατο
1369 1421 1458 1476 καὶ
1506 1430 1571 1493 τῇ
1617 1422 1934 1494 προαιρέσει

88 1541 89 1544 ¹
176 1533 217 1566 15
242 1513 343 1582 τὴν
403 1515 654 1582 μοιχείαν
715 1510 990 1583 ἐπέγραψε
1050 1511 1140 1566 καὶ
1201 1513 1470 1575 τοσαύτας
1535 1506 1643 1582 εἷχε
1703 1520 1933 1581 προῖκας

243 1601 419 1655 ὁπόσα
458 1603 556 1655 τὸν
594 1609 734 1655 νοῦν
774 1600 952 1670 ἐκείνη
988 1603 1126 1672 πρὸς
1158 1600 1377 1670 ἑτέρους
1409 1600 1678 1654 ἀπέκλινε.
1717 1604 1814 1654 καί
1839 1621 1932 1671 μοι

240 1692 322 1754 τίς
361 1690 431 1743 ἂν
469 1689 559 1744 καὶ
599 1692 867 1760 τολμήσαι
907 1689 1265 1760 φθέγξασθαι
1303 1691 1376 1760 μὴ
1415 1691 1614 1760 μοιχὸν
1652 1686 1794 1743 εἶναι
1834 1691 1932 1744 τὸν

154 1784 274 1828 RIV
289 1789 372 1828 601
418 1781 484 1833 τὰ
529 1787 757 1833 τοιαῦτα
795 1781 1162 1851 πειρώμενον;
1210 1780 1374 1844 αὐτὸς
1420 1779 1627 1842 ἐκεῖνος
1661 1777 1668 1849 Ι
1704 1771 1785 1842 οἷς
1830 1780 1932 1848 τὴν

240 1866 376 1937 ἐμὴν
415 1869 585 1922 παῖδα
632 1869 698 1923 τὰ
744 1878 857 1922 τῶν
902 1867 1314 1939 μοιχευομένων
1358 1868 1664 1938 κατέκρινε,
1715 1869 1932 1931 τούτοις

174 1979 217 2012 20
243 1955 442 2011 ἑαυτὸν
489 1957 549 2010 ἐν
595 1968 712 2022 τοῖς
759 1958 946 2022 αὐτοῖς
994 1957 1320 2028 ἐνεχόμενον
1365 1959 1653 2027 προδήλως
1700 1956 1928 2027 ἀπέφαι-

427 2119 559 2174 „.f0rt
601 2126 821 2164 τοσοῦτον
859 2118 993 2177 Myce·
1035 2118 1263 2177 δυστυχὴς
1302 2118 1368 2169 εἰς
1404 2125 1540 2163 τοῦτο
1579 2117 1631 2162 τὸ
1674 2117 1810 2174 μέρος
1849 2118 1928 2162 καὶ

240 2124 571 2234 κακοι1)“αι’μων”ι
603 2178 670 2221 Re
791 2183 816 2221 2
852 2178 875 2222 ὀ
909 2179 989 2222 καὶ
1019 2185 1155 2222 τοῦτο
1186 2178 1238 2222 τὸ
1270 2177 1406 2234 μέρος
1435 2175 1735 2233 κακοδαίμων
1767 2178 1928 2222 Iacobs

239 2236 354 2282 Lech
401 2239 408 2294 Ι
457 2237 518 2294 μὴ
551 2237 602 2283 δὲ
626 2238 894 2283 LPaMaoz
906 2239 963 2282 Vi
973 2239 1042 2283 Va
1073 2237 1183 2281 Ferr
1325 2242 1350 2281 3
1390 2236 1588 2304 πάμπαν
1625 2236 1787 2280 Iacobs
1818 2237 1930 2281 Lect

359 2301 384 2339 6
418 2297 472 2340 οὐ
505 2296 608 2354 τόγε
640 2296 701 2353 μή
733 2297 838 2340 coni
870 2296 972 2340 Mor
1101 2301 1124 2340 7
1158 2296 1243 2340 οὐκ
1275 2296 1450 2340 inserui
1482 2308 1507 2339 e
1531 2296 1788 2341 MaG'leB
1799 2297 1869 2341 Va

240 2368 317 2399 om
342 2355 460 2399 LPa
492 2355 584 2399 edd
616 2356 698 2398 sed
730 2356 814 2399 οὐκ
846 2353 906 2399 ἂν
937 2355 1236 2400 inserendum
1268 2355 1373 2400 coni
1402 2355 1467 2398 Re
1588 2359 1615 2398 8
1647 2354 1707 2411 μὴ
1733 2353 1784 2399 δὲ
1809 2356 1928 2400 LPa

242 2415 532 2460 MaGlViVa
570 2415 682 2458 Fert
825 2419 878 2458 10
918 2414 1090 2473 βουλὴν
1117 2415 1375 2460 MaClViB
1416 2414 1496 2459 sed
1536 2413 1585 2457 in
1623 2413 1712 2458 hoo
1743 2431 1772 2458 υ
1811 2428 1927 2468 eras,

239 2473 350 2517 Ferr
376 2477 382 2530 Ι
409 2474 467 2517 τὰ
491 2488 566 2518 om
590 2475 715 2518 BVa
838 2479 890 2518 12
924 2474 974 2518 τὸ
999 2475 1125 2519 inser
1141 2475 1210 2519 Va
1271 2487 1346 2518 om
1373 2472 1585 2517 MaGlVi
1706 2477 1759 2517 13
1790 2471 1926 2517 τοῦτό

241 2558 296 2566 --
324 2538 378 2575 14
411 2532 682 2589 ἐξηπίστατο
713 2532 886 2576 inserui
920 2547 944 2576 e
976 2533 1108 2577 libris
1185 2547 1260 2576 om
1292 2533 1383 2576 edd
1423 2531 1503 2576 sed
1543 2531 1688 2575 latine
1718 2532 1928 2577 reddidit

238 2591 390 2635 verbis
414 2593 496 2637 hoc
512 2593 714 2649 profecto
737 2594 873 2637 etiam
897 2593 1095 2637 callidus
1117 2594 1192 2637 ille
1215 2594 1287 2637 vir
1309 2596 1496 2636 noverat
1518 2590 1619 2635 Mor
1741 2595 1794 2635 15
1824 2590 1926 2636 ἐπέ-

241 2667 390 2707 γραφε
417 2653 505 2695 Ma
537 2651 618 2695 sed
651 2653 743 2708 ε(3)
775 2651 823 2694 in
854 2665 931 2694 ras
962 2652 1032 2695 m³
1176 2656 1228 2695 17
1262 2649 1482 2707 τολμήσαι
1513 2649 1679 2706 scripsi
1711 2663 1735 2693 e
1759 2652 1927 2695 PaMa

242 2711 295 2755 Ol
306 2712 362 2755 Vi
392 2713 445 2754 ut
476 2710 580 2754 coni
611 2710 679 2753 Re
753 2713 976 2766 τολμῆσαι
1000 2712 1125 2755 BVa
1160 2710 1242 2754 sed
1279 2710 1329 2753 in
1364 2710 1451 2753 hoc
1476 2712 1495 2722 ⁴
1527 2708 1575 2751 in
1606 2709 1616 2722 '
1652 2723 1752 2753 corr
1782 2708 1852 2752 m'

238 2768 466 2826 τολμήσας
490 2771 533 2814 L
565 2770 655 2812 edd
704 2771 711 2826 Ι
760 2767 841 2814 τὸν
871 2770 948 2828 τὰ]
980 2768 1116 2814 τόνδε
1147 2769 1249 2813 Mor
1392 2773 1445 2812 19
1479 2769 1630 2823 „loeus
1658 2769 1731 2812 hic
1762 2767 1815 2812 de
1847 2782 1925 2812 ra-

239 2835 371 2873 vatus
401 2834 478 2873 est.
509 2834 737 2884 utcunque
767 2830 947 2873 mollias
978 2829 1187 2873 addendo
1218 2831 1396 2872 παθεῖν
1427 2831 1535 2884 post
1572 2843 1790 2884 μοιχευομ
1816 2844 1922 2871 νων.

249 2888 411 2932 Verum
442 2892 593 2932 tamen
623 2888 756 2932 aliud
785 2889 945 2932 melius
974 2890 1181 2945 requiro“
1215 2887 1281 2930 Re
1314 2889 1364 2930 at
1403 2887 1460 2930 cf.
1492 2886 1637 2941 praef.
1676 2901 1721 2942 p.
1747 2890 1849 2939 318,
1867 2890 1922 2929 35

243 2945 249 3004 Ι
284 2945 554 3001 κατέκρινεν
586 2947 643 2991 Vi
774 2951 830 2990 20
863 2946 913 2990 ἐν
945 2947 1110 3003 scripsi
1172 2946 1247 2990 ἐπὶ
1278 2945 1387 2988 libri
1418 2945 1509 2988 edd
1541 2945 1622 2988 sed
1655 2947 1737 2988 aut
1768 2944 1924 2988 delen-
