2014 3158
141 1092 183 1123 10

139 1537 181 1569 15

213 133 320 185 678
624 131 887 191 [LIBANII]
919 131 1314 177 DECLAMATIO
1347 132 1490 175 XLIX
1515 129 1517 131 ’

210 287 427 337 πτευες,
475 268 741 330 ὑπενόεις.
795 277 984 337 σαφῶς
1030 266 1323 337 ἐγίνωσκες
1368 270 1429 322 τὸ
1477 269 1603 336 περὶ
1641 276 1740 321 τοῦ
1779 270 1907 337 κλή-

212 378 314 427 ρου
353 365 453 410 τοῦ
493 358 698 426 πατρὸς
737 358 1022 426 διανόημα.
1062 359 1155 411 διὰ
1186 364 1350 411 τοῦτο
1383 359 1482 410 τὸν
1513 359 1694 427 φόνον
1725 358 1905 427 εἰργά-

211 461 306 514 σω,
346 447 438 498 διὰ
477 453 641 498 τοῦτο
679 445 891 515 τούμοῦ
930 447 1136 516 πατρὸς
1174 445 1441 517 αὐτόχειρχ
1474 445 1669 515 ἐγένου
1705 449 1906 514 βουλο-

209 535 346 604 μένη
400 532 502 601 μὲν
556 534 818 603 ἀκίνητον
872 536 1150 602 διαμεῖναι
1203 536 1304 604 τὴν
1360 534 1487 605 περὶ
1541 544 1641 588 τοῦ
1697 538 1903 605 κλήρου

210 627 560 694 προαίρεσιν,
606 623 1020 693 ὑποτεμνομένη
1071 624 1133 677 δὲ
1178 630 1253 696 τῷ
1294 625 1520 696 θανάτῳ
1567 626 1669 693 τὴν
1714 623 1804 678 ἐπὶ
1843 627 1903 678 τὸ

208 712 427 782 βέλτιον
467 711 682 766 ἐκείνου
721 714 1031 782 μεταβολὴν
1076 712 1166 766 καὶ
1213 715 1311 766 τὸν
1361 716 1565 782 χρόνον
1603 731 1904 784 παραιρου-

207 802 344 870 μένη
383 810 478 870 τῆς
517 802 920 869 μεταγνώσεως.
961 801 1048 855 56.
1088 803 1155 855 οὐ
1194 803 1299 871 γὰρ
1339 803 1560 871 ἠγνόεις
1592 804 1666 866 ὡς
1706 806 1905 867 ζῶντος

207 881 309 958 μὲν
346 899 446 944 τοῦ
486 891 690 959 πατρὸς
728 896 803 963 τῷ
849 888 952 960 μὲν
999 893 1187 945 δοκεῖν
1231 892 1330 944 τὸν
1375 896 1582 960 κλῆρον
1629 891 1902 960 ἐκέκτησο,

208 982 475 1048 δεσπότης
516 977 577 1032 δὲ
615 989 727 1032 τῶν
760 979 961 1034 ἑαυτοῦ
1001 981 1208 1050 περιὼν
1247 979 1455 1043 ἐκεῖνος
1497 976 1568 1048 ἧν
1607 980 1903 1049 ἀληθέστε-

209 1090 303 1139 ρος
341 1067 432 1122 καὶ
472 1069 545 1131 ὡς
583 1070 721 1139 πρὸς
758 1076 835 1140 τῷ
874 1068 1213 1141 πεπρωμένῳ
1253 1068 1396 1123 τέλει
1442 1077 1541 1123 τοῦ
1580 1072 1709 1139 βίου
1748 1071 1903 1137 γενό-

206 1178 370 1225 μενος
407 1165 483 1231 τῷ
515 1158 673 1211 παιδὶ
719 1158 819 1211 τὸν
864 1161 1073 1228 κλῆρον
1119 1158 1266 1212 ἐάσει
1311 1160 1481 1212 καλὸν
1527 1159 1638 1228 ἅμα
1682 1157 1774 1211 καὶ
1821 1160 1903 1211 δί-

207 1266 367 1300 καιον
406 1248 785 1316 λογισάμενος,
825 1246 1219 1315 ἀναιρεθέντος
1257 1248 1320 1301 δὲ
1359 1250 1533 1316 φόβος
1572 1244 1674 1316 μὲν
1716 1246 1902 1310 οὐδεὶς

206 1337 620 1405 μεταγνώσεως,
666 1346 779 1390 τῶν
825 1333 886 1389 δὲ
932 1337 1225 1407 χρημάτων
1262 1337 1295 1405 ἡ
1343 1345 1529 1405 κτῆσις
1578 1335 1902 1405 βεβαιοτέρα

206 1426 297 1478 καὶ
350 1426 548 1479 λοιπὸν
599 1424 627 1478 ὁ
678 1429 877 1495 κλῆρος
930 1424 1228 1488 ἀκίνδυνος
1280 1433 1379 1479 τοῦ
1435 1425 1778 1494 δυνηθέντος
1831 1424 1901 1478 ἂν

208 1513 516 1583 ἀφελέσθαι
555 1514 722 1568 πάλιν
755 1514 1104 1585 ἀνῃρημένου
1135 1515 1226 1568 καὶ
1259 1517 1352 1568 διὰ
1382 1522 1477 1584 τῆς
1509 1515 1677 1583 αὐτῆς
1707 1513 1899 1584 πράξε-

207 1624 276 1665 ως
330 1601 559 1673 ὑπάρξει
614 1600 716 1672 μὲν
769 1612 957 1673 τυχεῖν
1011 1600 1091 1657 ὧν
1145 1602 1498 1673 ἐσπούδαζες,
1552 1603 1783 1673 ὑπάρξει
1838 1603 1899 1656 δὲ

206 1702 517 1761 συμφοραῖς
557 1692 876 1761 ἀνηκέστοις
913 1697 1232 1762 περιβαλεῖν
1269 1694 1367 1746 τὸν
1404 1695 1688 1761 πρόγονον
1726 1693 1898 1763 ὀρφα-

204 1784 323 1849 νόν,
361 1779 586 1850 ἔρημον,
625 1791 736 1834 τῶν
775 1781 1091 1849 ἀναγκαίων
1130 1781 1291 1834 ἐνδεᾶ
1329 1784 1722 1849 καταστήσασα.

355 1870 440 1922 57.
476 1868 693 1939 Ῥᾳδίαν
733 1866 794 1922 δὲ
833 1871 935 1938 τὴν
973 1869 1256 1940 ἀναίρεσιν
1296 1868 1523 1923 ἔσεσθαι
1563 1878 1661 1923 τοῦ
1693 1871 1898 1939 πατρὸς

326 2034 379 2073 16
412 2030 440 2086 ἡ
473 2030 671 2086 δύναμις
695 2033 741 2075 Β
864 2035 917 2075 19
950 2030 979 2087 ἡ
1013 2030 1144 2086 ἑτέρα
1170 2030 1367 2087 δύναμις
1391 2030 1494 2086 ἤτοι
1516 2030 1545 2087 ἡ
1570 2036 1652 2086 τῆς
1674 2037 1898 2086 μητρυιᾶς

206 2090 469 2134 MrubrMass

326 2244 348 2281 1
386 2243 495 2295 „aut
525 2236 739 2288 ’ὑπενόεις
762 2239 1002 2283 delendum
1026 2244 1102 2292 est,
1134 2243 1186 2282 ut
1217 2239 1349 2282 schol.
1375 2238 1583 2282 vocabuli
1613 2237 1895 2292 ὑπώπτευες,

203 2303 287 2342 aut
317 2311 365 2342 eo
396 2303 571 2342 servato
608 2298 674 2341 sic
705 2303 768 2341 est
811 2298 889 2354 leq.
923 2298 1201 2348 ὑπώπτευες.
1247 2303 1342 2342 tum
1380 2311 1500 2341 nova
1531 2298 1623 2340 init
1650 2298 1893 2341 sententia:

204 2355 437 2410 ὑπενόεις,
474 2358 646 2412 μᾶλλον
679 2355 729 2400 δὲ
764 2363 926 2411 σαφῶς
958 2355 1224 2413 ἐγίνωσκες“
1260 2357 1328 2399 Re
1473 2360 1498 2397 2
1538 2362 1619 2399 τοῦ
1653 2369 1728 2399 om
1753 2356 1856 2399 HV
1884 2356 1890 2408 1

203 2418 252 2459 et
284 2420 309 2458 3
342 2419 558 2460 διατοῦτο
585 2416 643 2459 H
646 2416 939 2459 VzMaAthB
1061 2421 1086 2458 3
1121 2422 1204 2459 τοῦ
1236 2416 1347 2482 ἐμοῦ
1375 2415 1519 2460 MaGl
1639 2420 1666 2457 4
1698 2411 1820 2459 εἶναι
1844 2416 1902 2459 Η

213 2475 283 2530 V!
310 2475 418 2549 περὶ
442 2501 496 2507 -
524 2479 549 2517 5
581 2472 851 2529 προαίρεσιν
882 2475 932 2517 in
963 2488 1038 2517 1as
1064 2474 1156 2519 Va²
1180 2476 1228 2519 et
1258 2475 1307 2517 in
1339 2488 1473 2531 marg
1507 2475 1597 2518 Va³
1719 2478 1743 2517 6
1776 2491 1892 2529 παρ-

203 2533 455 2590 αιρουμένη
499 2535 567 2577 Va
610 2534 691 2576 sed
734 2550 793 2588 αρ
836 2534 885 2576 in
927 2547 1002 2578 ras
1041 2534 1111 2577 m2
1198 2531 1564 2601 προίαιρουρὶένη
1609 2535 1696 2578 Ma
1782 2548 1894 2587 προ-

203 2591 456 2649 αιρουμένη
491 2593 542 2637 Ol
617 2592 919 2649 προορωμένη
954 2594 1010 2637 Vi
1070 2610 1124 2649 γρ
1156 2591 1514 2667 περιαιρουμένη
1548 2593 1596 2635 in
1629 2605 1763 2649 marg
1794 2591 1895 2634 Mor

322 2656 348 2695 8
382 2651 595 2708 ἐκέκτητο
620 2652 715 2695 Ath
739 2651 821 2695 sed
846 2666 896 2695 σο
921 2652 971 2694 in
994 2662 1151 2707 marg
1249 2656 1274 2694 9
1304 2652 1448 2695 αὐτοῦ
1474 2652 1664 2697 BVaM
1683 2652 1775 2694 edd

206 2715 256 2753 11
300 2712 442 2755 καλὸν
482 2725 557 2754 om
590 2711 878 2755 AthBVaM
955 2710 1136 2766 πρέπον
1170 2711 1316 2756 ΜαΟΖ
1353 2712 1399 2754 et
1439 2727 1492 2766 γρ
1532 2711 1581 2754 in
1620 2724 1754 2766 marg
1791 2710 1894 2752 Mor

323 2774 376 2812 12
411 2766 532 2813 εἶναι
563 2771 642 2813 καὶ
673 2767 853 2824 πρέπον
891 2773 999 2825 post
1029 2769 1331 2826 λογισάμενος
1355 2771 1418 2814 Μ
1557 2775 1610 2813 13
1650 2768 1892 2825 κτημάτων

212 2829 269 2872 Vi
391 2833 443 2871 16
471 2829 752 2880 ἐσπούδαζεν
779 2830 823 2872 V
937 2833 991 2872 18
1015 2827 1397 2883 καταστήσασθαι
1422 2830 1479 2873 Vi
1502 2829 1585 2872 sed
1609 2842 1729 2871 σασα
1752 2840 1893 2883 supra

202 2889 377 2930 σασθαι
408 2887 478 2930 m²
600 2891 653 2930 19
684 2894 767 2931 τοῦ
799 2888 974 2941 πατρὸς
1004 2888 1089 2943 τὴν
1119 2886 1362 2942 ἀναίρεσιν
1394 2886 1582 2932 ἔσεσθαι
1614 2887 1671 2930 Vi
1702 2887 1782 2929 sed
1806 2885 1891 2941 τὴν

203 2944 441 3000 ἀναίρεσιν
475 2946 666 2989 ἔσεσθαι
697 2946 747 2988 in
778 2959 910 3002 marg
942 2947 1023 3001 ηιξ
1051 2947 1197 2991 ΜαΟΖ
