2044 3168
215 130 433 175 PATRIS
465 129 677 174 CAEDIS
709 130 908 174 FILIAE
941 129 1291 183 GENERIQUE
1324 129 1622 175 DEFENSIO
1685 130 1791 182 349

98 266 188 320 καὶ
222 265 692 337 προσεπιχαράξας
723 272 796 339 τῷ
823 268 1012 319 πίνακι
1044 266 1106 318 τὸ
1140 267 1323 329 πάθος
1356 265 1602 335 ἐσήμηνε.
1641 267 1792 336 δῶρα

98 357 274 409 πολλὰ
327 358 393 409 τὰ
445 357 547 426 μὲν
599 358 909 424 παραυτίκα
961 356 1275 424 προῦτεινε,
1331 357 1396 408 τὰ
1452 355 1513 408 δὲ
1565 353 1676 425 μετ’
1723 356 1791 409 οὐ

97 446 310 515 μακρὸν
347 445 707 515 ὑπισχνεῖται.
763 444 851 498 ἐπὶ
898 444 965 512 δὴ
1006 445 1222 507 τούτοις
1260 445 1293 513 ἡ
1333 447 1467 515 κόρη
1507 447 1791 514 προσίεται

97 537 226 597 τοὺς
265 535 480 602 λόγους,
519 535 584 587 τὰ
625 535 792 603 δῶρα,
832 534 927 596 τὰς
966 532 1239 602 ἀγγελιάς,
1278 534 1344 586 τά
1377 534 1665 604 γράμματα
1699 532 1790 587 καὶ

95 624 234 693 πρὸς
295 623 428 693 ὅπερ
491 623 699 685 ἐκεῖνος
760 622 789 675 ὁ
851 623 1141 692 γεγραφὼς
1202 621 1385 676 ἐθέλει
1446 622 1788 676 κατένευσεν.

96 710 280 766 ἔπειτα
335 712 548 782 δέχεται
602 714 703 781 τὴν
757 712 1084 781 ὑπόσχεσιν,
1144 710 1352 775 ἐκεῖνος
1409 712 1674 779 λαμβάνει
1727 714 1788 765 τὸ

97 800 369 872 ξύνθημα,
408 800 497 855 καὶ
538 801 706 870 πέρας
742 798 852 871 ἔχει
892 802 953 854 τὸ
994 803 1253 870 τόλμημα.
1315 801 1403 855 47.
1442 802 1657 854 τούτων
1696 803 1789 855 οὐ-

97 888 194 944 δὲν
232 890 501 945 ἐνταυθοῖ
546 899 790 960 παρῆκεν
829 889 956 944 οὔθ’
1003 890 1036 959 ἡ
1079 891 1247 960 σεμνὴ
1295 899 1422 954 παῖς
1471 890 1648 959 ἐκείνη
1699 891 1788 944 καὶ

96 981 338 1051 σώφρων
378 979 506 1034 οὔθ’
553 979 582 1033 ὁ
622 981 786 1042 καλὸς
835 979 1042 1043 ἐκεῖνος
1088 982 1330 1050 νυμφίος
1369 979 1397 1032 ὁ
1436 983 1648 1049 μᾶλλον
1694 989 1790 1049 τῆς

94 1067 224 1138 ἐμῆς
261 1072 584 1141 περιουσίας
617 1069 623 1139 Ι
658 1069 691 1138 ἢ
723 1078 817 1138 τῆς
848 1070 1045 1132 παιδὸς
1078 1068 1327 1140 ἐραστής,
1361 1067 1480 1122 ἀλλ’
1509 1067 1600 1121 ὑπ’
1652 1073 1773 1118 RIV
1792 1079 1876 1118 600

94 1157 304 1228 ἀμφοῖν
335 1156 425 1211 καὶ
456 1159 522 1211 τὰ
554 1167 666 1211 τῶν
696 1157 987 1228 ἀλλοτρίας
1026 1159 1189 1228 εὐνῆς
1220 1156 1577 1228 πειρωμένων
1611 1158 1788 1211 πάντα

95 1246 396 1300 τετέλεσται
434 1244 525 1300 καὶ
572 1256 685 1299 τῶν
731 1246 835 1299 ὅσα
879 1247 1143 1314 γυναικὸς
1189 1245 1573 1316 παραγομένης
1621 1244 1790 1301 οὐδὲν

93 1335 398 1405 ἐνεδέησεν,
437 1334 554 1389 ἀλλ’
595 1335 623 1389 ὁ
663 1332 765 1406 μὲν
804 1335 1059 1404 ἀγγελίας
1098 1334 1189 1389 καὶ
1230 1337 1426 1404 δώρων
1464 1335 1788 1406 ὑποσχέσεις

91 1425 413 1495 προῦπεμπε
459 1422 549 1477 καὶ
595 1420 737 1493 ἦσαν
784 1425 842 1477 οἱ
888 1431 1078 1477 ταῦτα·
1106 1423 1395 1493 φέροντες,
1447 1424 1480 1493 ἡ
1522 1423 1572 1478 δ’
1616 1425 1789 1494 ἡδέως

95 1512 321 1584 ἐδέχετο.
362 1514 452 1567 καὶ
490 1514 552 1566 τὸ
595 1514 663 1582 δὴ
702 1516 887 1583 μεῖζον
924 1511 1016 1567 καὶ
1054 1518 1395 1582 τελευταῖον,
1435 1515 1508 1577 ὡς
1548 1513 1635 1567 ἐπὶ
1675 1535 1786 1568 τοι-

94 1604 279 1666 ούτοις
326 1600 600 1674 ξυνῄεσαν
650 1603 812 1672 ἄμφω
860 1601 951 1656 καὶ
997 1602 1150 1666 τέλος
1197 1597 1343 1673 εἶχεν
1389 1602 1421 1671 ἡ
1470 1605 1642 1673 σκηνὴ
1695 1605 1786 1658 καὶ

92 1693 153 1745 τὸ
194 1693 398 1762 δρᾶμα,
439 1691 468 1746 ὁ
509 1688 610 1761 μὲν
655 1692 716 1745 τὸ
763 1699 862 1746 τοῦ
910 1700 1105 1762 μοιχοῦ
1152 1694 1530 1763 περικείμενος
1573 1707 1782 1762 προσω-

92 1791 252 1834 πεῖον
291 1779 624 1850 ἐλάνθανεν,
664 1781 697 1850 ἡ
738 1777 786 1833 δ’
833 1781 907 1845 ὡς
954 1781 1223 1854 ἀλλοτρίῳ
1270 1781 1651 1853 περιεπλέκετο
1693 1783 1785 1835 καὶ

7 1855 10 1859 ’
91 1866 331 1941 τοῦργον
383 1866 453 1939 ἦν
507 1871 579 1934 ὡς
634 1870 736 1923 οὐκ
790 1868 852 1923 ἐν
905 1871 1079 1924 εἰδόσι
1133 1873 1481 1940 γιγνόμενον.
1535 1872 1674 1925 ὅπου
1723 1872 1786 1925 δὲ

92 1966 263 2012 ταῦτα
301 1958 477 2012 πάντα
517 1957 982 2028 ξυνεληλύθεσαν,
1020 1959 1158 2029 πρὸς
1196 1961 1358 2029 Διός,
1404 1970 1519 2024 πῶς
1559 1960 1625 2014 οὐ
1665 1981 1784 2031 μοι-

91 2050 210 2116 χεία
247 2049 307 2101 τὸ
348 2049 819 2119 σκαιωρούμενον;

214 2184 235 2223 1
269 2177 528 2238 πινακίσκῳ
559 2179 720 2223 Iacobs
753 2179 864 2223 Lech
898 2182 904 2237 1
943 2181 1023 2224 καὶ
1056 2182 1164 2225 ante
1196 2180 1247 2225 τὸ
1279 2180 1382 2224 Mor
1411 2181 1480 2224 Re
1513 2182 1594 2238 qui
1625 2182 1784 2227 delen-

93 2237 202 2281 dum
242 2240 401 2282 censet
438 2252 584 2294 aeque
620 2240 761 2295 atque
800 2238 961 2283 Iacobs
1000 2239 1113 2284 Lect
1161 2242 1168 2297 Ι
1219 2239 1414 2299 ἐσήμῃνε
1439 2242 1483 2285 L
1566 2241 1784 2298 ἐσήμαινε

95 2298 240 2342 MaC'l
252 2299 386 2343 ViVa
457 2298 656 2354 ἐσήμανε
681 2299 726 2342 Β
863 2303 888 2342 2
920 2297 1156 2354 προέτεινε
1181 2300 1225 2343 L
1257 2300 1367 2343 Ferr
1426 2297 1668 2356 προτεῖναι
1695 2303 1784 2346 Μα

151 2355 391 2412 προτείναι
412 2357 464 2403 Ol
523 2355 754 2413 προτείνει
788 2358 845 2401 Vi
903 2365 1144 2413 προτεῖναι
1177 2360 1304 2404 BVa
1337 2361 1344 2416 Ι
1378 2375 1517 2416 μετου
1545 2360 1664 2406 GWi

0 2439 3 2472 1
93 2421 118 2458 3
151 2416 330 2472 μακρὸν
361 2417 525 2473 scripsi
555 2419 745 2460 auctore
777 2417 844 2460 Re
905 2417 1070 2474 μικρὸν
1101 2418 1211 2461 libri
1242 2418 1335 2463 edd
1361 2421 1368 2476 Ι
1404 2419 1479 2464 ἐπὶ
1511 2419 1571 2476 δὴ
1601 2420 1783 2472 τούτοις

0 2475 7 2523 ’ξ
92 2475 142 2518 in
175 2475 248 2519 lac
281 2480 304 2519 7
337 2475 418 2519 litb
449 2490 523 2520 om
549 2477 594 2520 Β
645 2478 651 2532 Ι
702 2476 753 2520 δὲ
780 2477 868 2520 Ma
917 2481 923 2533 Ι
973 2477 1020 2535 ἡ]
1054 2478 1134 2521 καὶ
1162 2479 1249 2522 Μα
1370 2483 1396 2521 5
1429 2478 1585 2523 ἐθέλοι
1613 2480 1665 2524 Ol

0 2529 7 2555 '¹
94 2538 120 2577 6
154 2534 329 2585 ἐκεῖνος
354 2535 443 2579 Μα
474 2535 556 2580 sed
585 2535 658 2580 ἑκε
683 2534 731 2578 in
755 2549 830 2579 ras
854 2535 924 2578 m⁸
1045 2541 1068 2579 7
1104 2536 1323 2594 σύνθημα
1349 2538 1475 2582 BVa
1598 2543 1651 2581 10
1682 2539 1779 2596 τῆς]

91 2600 174 2637 τοῦ
210 2594 355 2639 Maec
413 2596 420 2651 Ι
479 2591 561 2638 ὑπ’
605 2595 784 2650 ἀμφοῖν
827 2594 992 2652 scripsi
1078 2593 1154 2639 ἐπ’
1197 2597 1376 2653 ἀμφοῖν
1419 2597 1674 2653 (ἐπαμφοῖν
1711 2599 1780 2654 Ol)

92 2651 201 2696 libri
233 2653 325 2696 edd
463 2658 515 2697 13
550 2652 762 2710 ἐνεδέησε
786 2655 843 2698 Vi
919 2652 1106 2711 ἐδέησεν
1131 2656 1256 2699 BVa
1394 2661 1448 2699 14
1479 2657 1780 2712 προῦπεμπεν

92 2712 346 2757 LPaOlVa
384 2712 475 2756 edd
515 2712 572 2757 cf.
605 2713 666 2756 ad
704 2727 749 2769 p.
777 2717 953 2768 334‚11
1007 2717 1013 2768 Ι
1062 2713 1092 2770 ἡ
1125 2712 1171 2757 δ’
1217 2715 1383 2771 scripsi
1458 2713 1535 2772 ἡδ’
1569 2717 1621 2761 ΟΖ
1697 2712 1777 2772 ἥδ’

91 2770 260 2826 reliqui
303 2771 412 2815 libri
455 2771 547 2814 edd
707 2777 759 2814 18
803 2771 831 2828 ἡ
872 2769 916 2815 δ’
962 2772 1126 2829 scripsi
1208 2772 1284 2830 ἡδ’
1318 2775 1407 2818 Μα
1491 2771 1569 2830 ἥδ’
1610 2774 1781 2830 reliqui

10 2868 11 2871 ,
91 2828 202 2872 libri
234 2830 323 2874 edd
470 2835 522 2874 19
557 2830 607 2874 ἐν
639 2831 724 2875 οὐκ
752 2830 964 2876 MaC'lVi
1105 2837 1161 2875 20
1193 2832 1563 2889 ξυνεληλύθεσαν
1595 2835 1781 2890 reposui

93 2902 119 2932 e
148 2887 282 2932 libris
343 2889 720 2947 ξυνεληλύθησαν
752 2889 841 2933 edd
867 2891 948 2934 sed
980 2897 1093 2946 „aut
1116 2891 1506 2948 ξυνεληλύθεισαν
1538 2898 1620 2936 aut
1650 2894 1779 2945 ξυνε-

91 2947 353 3004 ληλύθεσαν
378 2949 488 3005 le9.“
506 2949 574 2992 Re
695 2954 747 2992 21
777 2949 1153 3007 σκευωρούμενον
1178 2950 1279 2993 Mor
1301 2951 1370 2994 Re
1394 2950 1450 2994 cf.
1470 2952 1529 2994 ad
1547 2967 1591 3008 p.
1611 2956 1711 3006 325,
1725 2957 1779 2996 15

1814 1183 1854 1213 11

1812 1537 1854 1571 15

1809 1984 1853 2016 20
