2044 3168
263 101 368 154 150
838 59 1131 147 Gamoafi
1161 102 1363 149 cnm

258 236 516 306 ἐσχηκώς,
554 235 684 290 καθ’
729 237 800 305 ἣν
838 236 945 306 ἐγὼ
985 239 1195 307 τούμὸν
1231 237 1358 308 περὶ
1395 238 1566 291 αὐτὸν
1605 238 1739 292 ὅσον
1770 258 1828 291 τε
1859 237 1949 292 καὶ

257 318 380 378 οἷον
417 322 488 394 ἦν
528 331 786 398 λαμπρῶς
824 326 1161 397 ἐφανέρωσα.
1215 328 1276 380 τὸ
1327 328 1388 381 δὲ
1426 324 1496 396 ἧν
1536 328 1639 397 άρα
1677 335 1788 381 πᾶν
1825 327 1951 381 τού-

255 418 498 468 ναντίον.
544 416 625 468 19.
665 416 754 469 καὶ
795 417 899 485 γὰρ
940 415 1230 486 ἐπειδήπερ
1274 416 1378 485 ἐγὼ
1425 437 1527 485 μεν
1569 415 1850 485 ἀνεθέμην
1886 417 1948 469 τὸ

254 503 543 572 τάλαντον,
585 505 613 557 6
655 501 716 557 δὲ
754 505 889 568 θεὸς
929 505 995 558 οὐ
1035 513 1134 558 τοῦ
1174 506 1473 573 ταλάντου,
1511 513 1606 574 τῆς
1645 503 1694 558 δ’
1742 506 1948 573 εὐγνω-

210 612 231 645 5
254 593 501 661 μοσύνης
555 592 837 662 ἀγαπήσας
892 591 1101 656 ὀξύτατ’
1150 593 1495 662 ἀντελάβετο,
1543 595 1576 661 η’
1615 613 1673 647 τε
1714 597 1948 662 βοήθεια

253 682 544 750 προφανὴς
583 677 653 749 ἦν
691 682 782 735 καὶ
814 682 843 736 6
882 683 1059 752 πατὴρ
1091 693 1313 752 πρῶτον
1343 684 1445 752 μὲν
1477 683 1616 754 ῥᾷον
1647 685 1785 751 ἔσχε,
1815 683 1949 749 μετὰ

252 776 425 822 ταῦτα
465 768 527 823 δὲ
565 771 792 839 ἄμεινον
829 770 921 824 καὶ
961 773 1062 840 τὴν
1102 770 1220 840 ἑξῆς
1260 768 1339 824 ἔτι
1377 775 1589 838 μᾶλλον
1623 776 1818 839 καλῶς,
1857 772 1947 824 καὶ

255 858 322 910 οὐ
360 860 496 925 μετὰ
533 861 741 922 πολλὰς
779 860 1016 928 ὕστερον
1054 860 1214 929 ὑγιὴς
1254 860 1383 923 ὅλος
1420 859 1511 913 καὶ
1545 861 1789 930 λαμπρὸς
1821 864 1948 929 λαμ-

250 957 403 1016 πρῶς
440 956 535 1016 τῆς
572 951 764 1016 κλίνης
803 948 1093 1018 ἀνέθορεν,
1133 950 1286 1018 ἡμεῖς
1317 948 1366 1001 δ’
1405 948 1466 1002 ἐν
1497 950 1795 1018 εὐθυμίαις
1826 950 1948 1002 οὔκ-

185 1057 228 1090 ιο
253 1056 357 1090 ουν
397 1034 528 1089 οὐδὲ
569 1042 838 1106 λεχθῆναι
889 1039 1151 1101 δυναταῐς
1199 1038 1342 1090 οὕτω
1386 1037 1510 1108 παρ’
1559 1037 1754 1091 ἐλπίδα
1801 1047 1961 1106 σῶον,

250 1124 467 1178 ἐκεῖνον
506 1124 894 1194 ἀπολαβόντες,
932 1127 1039 1196 πρὸ
1079 1129 1283 1190 παντὸς
1321 1123 1489 1197 ἔργου
1521 1125 1612 1180 καὶ
1646 1127 1947 1197 φροντίδος

251 1213 437 1284 ἑτέρας
482 1213 515 1283 ἢ
563 1225 674 1267 τῶν
720 1213 836 1268 κατ’
887 1215 1073 1278 οἴκους
1118 1215 1151 1284 ἢ
1198 1225 1309 1269 τῶν
1357 1215 1509 1279 ἐκτὸς
1567 1217 1704 1284 ἄγε,
1754 1219 1944 1284 φησίν,

249 1299 291 1355 ὦ
339 1303 493 1356 καλὲ
538 1312 676 1371 παῖ,
731 1306 1143 1372 λογιζώμεθα
1188 1304 1552 1374 τάργύριον
1592 1305 1749 1357 ὅσον
1791 1305 1945 1373 ἡμῖν

251 1393 695 1461 δεδαπάνηται
734 1400 1100 1456 νοσοῦντος
1138 1392 1310 1462 ἐμοῦ.
1361 1391 1448 1446 ἐπ’
1498 1392 1639 1462 ἐμοὶ
1682 1390 1750 1445 δὲ
1788 1394 1946 1446 πάν-

185 1501 226 1535 15
251 1501 370 1543 τως
417 1482 534 1534 οὐκ
581 1480 659 1534 ἂν
704 1485 965 1535 πολλῶν
1009 1502 1211 1535 τινων
1258 1484 1338 1545 ὡς
1385 1482 1722 1544 ἀναλώσας
1772 1479 1945 1550 ἔχοις

247 1576 625 1639 μνησθῆναι
664 1569 732 1623 ἐν
774 1570 1071 1640 ἐσχάτοις
1108 1591 1174 1624 τε
1213 1573 1352 1624 ὄντι
1384 1572 1489 1623 καὶ
1522 1572 1844 1640 μηδεμίαν
1880 1568 1941 1633 ἐξ

251 1664 399 1712 ἴσου
437 1669 575 1722 τοῖς
623 1658 901 1729 ἀψύχοις
947 1659 1356 1732 προσιεμένῳ
1402 1662 1670 1730 τροφήν.
1725 1659 1812 1712 20.
1851 1660 1943 1712 καὶ

248 1747 277 1800 6
316 1748 419 1817 μὲν
459 1748 657 1815 οὕτως,
698 1747 803 1816 ἐγὼ
846 1747 892 1800 δ’
942 1747 1256 1816 ἐθαύμαζον
1293 1747 1384 1801 καὶ
1424 1747 1850 1816 ἐξεπληττόμην,
1890 1749 1948 1800 τί

247 1835 379 1889 ποθ’
428 1837 456 1890 6
506 1838 765 1906 λογισμὸς
813 1832 975 1900 οὗτος
1024 1838 1313 1906 βούλοιτο,
1363 1836 1454 1890 καὶ
1501 1837 1574 1899 ὡς
1619 1838 1727 1904 πρὸ
1775 1839 1943 1905 ἔργου

181 1944 226 1978 80
248 1926 453 1987 παντὸς
494 1924 684 1995 ἑτέρου
723 1933 924 1978 τοῦτον
971 1929 1145 1995 ζητῶν
1185 1924 1337 1979 ἐστιν
1375 1925 1403 1979 6
1444 1927 1636 1996 πατήρ.
1691 1924 1809 1978 ἀλλ’
1856 1925 1942 1978 έν-

247 2019 430 2066 ταῦθα
483 2011 655 2077 ἔξεστι
710 2013 800 2067 καὶ
861 2015 959 2067 τὸν
1021 2016 1229 2084 τρόπον
1288 2014 1525 2083 τάνδρὸς
1585 2014 1942 2068 αἰτιάσασθαι

246 2099 469 2170 ἔχοντος
506 2101 633 2170 περὶ
674 2102 950 2172 ἀριθμοὺς
996 2101 1086 2155 καὶ
1132 2104 1200 2155 τὰ
1241 2110 1468 2156 τοιαῦτα
1513 2103 1612 2155 τὸν
1651 2103 1942 2171 σύμπαντα

247 2192 468 2259 χρόνον,
508 2188 681 2253 ἔξεστι
721 2188 782 2244 δὲ
820 2193 915 2244 καί
950 2211 1075 2244 τινα
1115 2192 1369 2260 δαίμονα,
1420 2191 1568 2254 ὅστις
1605 2211 1699 2256 μοι
1738 2194 1940 2260 βασκή-

245 2297 347 2340 νας
399 2285 495 2347 τῆς
548 2280 715 2348 τύχης
763 2283 894 2342 τοὺς
948 2282 1249 2349 λογισμοὺς
1301 2281 1531 2342 τούτους
1585 2278 1808 2346 ἐνέβαλε
1861 2285 1939 2351 τῷ

180 2388 222 2420 25
246 2369 425 2435 πατρί.
476 2369 622 2436 πλὴν
667 2371 725 2420 τί
769 2367 935 2439 ἐχρῆν
982 2367 1172 2438 ἕτερον
1219 2368 1590 2437 ἐλογιζόμεθα.
1643 2366 1733 2420 καὶ
1779 2367 1939 2437 μέχρι

246 2453 434 2523 μέντοι
474 2452 642 2508 οὐδὲν
682 2454 996 2525 ἐμεμνήμην
1034 2455 1161 2526 περὶ
1199 2464 1299 2510 τοῦ
1338 2457 1630 2524 ταλάντου,
1669 2456 1841 2527 ἠρέμα
1879 2476 1938 2510 τε

243 2543 412 2610 ἤκουε
450 2541 537 2595 καὶ
579 2544 766 2612 πράως
803 2545 1030 2614 ἠρίθμει
1071 2547 1148 2608 εἰς
1181 2543 1277 2598 ἕνα
1308 2546 1432 2598 τινὰ
1464 2543 1707 2614 ἀριθμὸν
1746 2544 1938 2612 ἀναβι-

364 2678 389 2716 6
433 2681 693 2729 μεταταῦτα
719 2675 817 2719 LV
954 2679 979 2717 8
1024 2673 1166 2725 ὅλωςῖ)
1314 2680 1367 2718 10
1403 2672 1666 2730 παρέλπίδα
1698 2675 1741 2717 V
1785 2677 1790 2731 Ι
1843 2682 1935 2718 σῶν

244 2733 294 2775 in
333 2747 466 2789 marg
497 2734 540 2777 L
685 2737 739 2775 13
782 2734 1032 2790 τάργύριον
1072 2735 1236 2790 scripsi
1269 2747 1294 2777 e
1328 2735 1372 2778 V
1440 2733 1663 2807 ἀργύριον
1696 2734 1796 2789 Lpr

247 2795 302 2835 15
335 2791 455 2848 ἔχοις
487 2791 649 2847 scripsi
682 2805 786 2835 cum
810 2792 1000 2836 Kurtzio
1064 2793 1180 2850 ἔχεις
1200 2793 1323 2850 LVp
1327 2808 1349 2837 r
1471 2798 1523 2836 16
1551 2790 1701 2845 ἐξίσου
1726 2793 1825 2836 LV

247 2854 301 2894 19
333 2851 422 2905 πρὸ
456 2850 593 2906 ἔργον
625 2850 790 2906 scripsi
823 2851 965 2896 colll.
994 2856 1047 2896 11
1086 2809 1347 2908 χπροῦργου
1372 2853 1521 2907 LVpr
1641 2855 1695 2894 23
1732 2849 1936 2908 δαίμονα

254 2910 299 2953 V
323 2910 403 2953 sed
437 2907 558 2954 όνων
590 2923 806 2965 suprascr
832 2913 838 2966 Ι
866 2910 1103 2970 βασκῄνας
1127 2912 1170 2955 L
1292 2915 1346 2953 27
1379 2911 1530 2966 πραυς
1553 2924 1617 2966 pr
