2044 3168
242 115 352 167 214
647 115 874 159 LIBANII
905 116 1296 162 DECLAMATIO
1326 117 1520 161 XXXVI

240 260 356 314 τοῖς
395 250 741 305 ἀπελθοῦσιν
782 247 860 305 ὧν
898 254 1249 306 πεπόνθασιν
1281 253 1552 323 αἴσθησις.
1590 261 1665 326 τῷ
1701 252 1759 306 δὲ
1802 250 1951 308 οὐδὲ

240 348 404 394 τοῦτο
446 340 748 410 ἐξήρκεσεν,
789 338 930 410 ἀλλ’,
971 339 1013 395 ὦ
1046 341 1170 395 θεοὶ
1210 340 1301 395 καὶ
1342 343 1622 411 δαίμονες,
1663 343 1704 396 ὢ
1744 350 1934 412 καινῆς

240 430 517 498 τιμωρίας,
558 429 646 483 ἐπὶ
685 431 785 499 τὴν
822 434 1070 499 γλῶτταν
1110 431 1326 501 ὥρμησε
1365 441 1478 484 τῶν
1516 436 1758 485 πολιτῶν
1797 430 1933 494 ἑνός.

241 519 449 588 μισθὸν
487 517 652 588 ᾔτησε
691 527 785 588 τῆς
824 519 1099 588 ἀριστείας
1138 521 1240 588 τὴν
1272 519 1526 588 ἀφωνίαν
1565 528 1664 574 τοῦ
1705 521 1935 590 ῥήτορος

195 627 214 660 5
241 608 470 676 σχήματι
531 609 899 677 δημοκρατίας
961 607 1225 678 ἀναμίξας
1286 610 1619 676 τυραννίδος
1672 609 1933 679 ὠμότητα.

240 694 331 748 καὶ
370 698 627 765 ψήφισμα
665 694 766 766 μὲν
805 697 838 766 ἡ
871 697 1066 768 δωρεά,
1106 698 1440 767 τυραννικὸν
1472 695 1533 750 δὲ
1571 699 1632 751 τὸ
1672 700 1932 768 τόλμημα.

240 785 330 837 καὶ
368 782 493 854 παρ’
531 785 686 854 ἡμῶν
723 785 824 853 μὲν
863 785 979 856 ᾔτει
1020 789 1209 855 λαβεῖν
1249 787 1322 849 ὡς
1355 789 1543 855 νόμων
1583 788 1779 855 ὄντων,
1819 785 1934 856 ἐζή-

152 878 274 922 RIV
291 883 374 922 712
422 894 502 927 τει
538 872 543 946 Ι
580 872 641 928 δὲ
687 878 879 944 λαβεῖν
926 875 959 928 ἃ
998 877 1299 929 κεκώλυται
1346 886 1460 939 τοῖς
1505 877 1709 945 νόμοις.
1783 876 1866 928 14.
1905 875 1934 929 ὁ

157 1000 172 1011 .
240 959 342 1032 μὲν
381 959 482 1016 οὗν
522 965 695 1033 δῆμος
727 964 800 1027 ὡς
831 966 1087 1033 ἤκουσεν,
1128 964 1332 1034 ἐπλήγη
1367 970 1442 1038 τῷ
1475 965 1689 1036 ῥήματι,
1727 965 1818 1018 καὶ
1858 965 1936 1028 εἰς

175 1073 218 1106 10
243 1051 514 1120 ἀλλήλους
562 1052 861 1122 ἐβλέπομεν
907 1043 1198 1123 μισοῦντες
1242 1051 1344 1122 μὲν
1392 1054 1494 1123 τὴν
1549 1053 1788 1123 αἴτησιν,
1843 1052 1935 1106 ἀλ-

241 1149 469 1209 γοῦντες
517 1142 580 1195 δὲ
625 1151 689 1213 τῇ
736 1144 1029 1214 πολιορκία
1075 1142 1166 1196 καὶ
1215 1145 1591 1214 διηποροῦμεν
1637 1141 1795 1212 μέσοι
1849 1161 1936 1211 γε-

242 1229 533 1299 γενημένοι
588 1232 798 1300 δωρεᾶς
851 1251 909 1285 τε
964 1231 1169 1285 ἀτόπου
1231 1233 1323 1286 καὶ
1378 1238 1576 1303 καιροῦ
1641 1233 1935 1300 δυσκόλου,

240 1321 556 1387 μελλόντων
596 1321 656 1374 δὲ
695 1320 851 1389 ἡμῶν
890 1320 918 1374 ὁ
957 1323 1338 1391 μεγαλόψυχος
1370 1316 1531 1384 οὗτος
1562 1320 1653 1374 καὶ
1685 1329 1750 1391 τῇ
1782 1323 1936 1374 πολι-

241 1410 358 1479 τεία
398 1412 502 1474 ζῶν
541 1407 682 1479 ἔχων
721 1410 1000 1464 ἀντειπεῖν
1045 1410 1333 1480 ἡσυχάζειν
1379 1408 1563 1482 ᾑρεῖτο
1610 1411 1701 1463 καὶ
1748 1419 1936 1480 παρεῖ-

176 1520 216 1553 16
241 1518 337 1567 χεν
391 1498 561 1552 αὑτὸν
613 1500 758 1566 μάλα
812 1499 1132 1570 ἐρρωμένως
1185 1509 1249 1571 τῇ
1303 1507 1441 1570 τομῇ
1501 1500 1591 1553 καὶ
1644 1497 1936 1570 χρημάτων

204 1621 208 1624 -
243 1586 468 1658 ἀπορῶν
506 1586 780 1642 ἐπέδωκεν
818 1588 950 1659 ἡμῖν
988 1590 1090 1658 τὴν
1128 1593 1391 1658 γλῶτταν.
1434 1587 1517 1642 15.
1554 1587 1936 1657 τετελεσμένης

243 1677 304 1730 δὲ
348 1678 454 1746 ἤδη
502 1686 597 1747 τῆς
646 1682 814 1747 καλῆς
861 1679 1067 1748 δωρεᾶς
1107 1677 1442 1747 ἀνεμένομεν
1488 1679 1588 1747 τὴν
1634 1679 1797 1745 νίκην
1844 1674 1936 1729 καὶ

241 1767 323 1840 τίς
361 1784 493 1819 ποτε
533 1766 560 1819 ὁ
592 1769 793 1836 τρόπος
832 1765 982 1820 ἔσται
1023 1769 1436 1834 διεσκοποῦμεν.
1476 1768 1629 1829 τοὺς
1668 1765 1937 1828 ὁπλίτας

243 1853 760 1924 λαβὼνὲξεισιν;
802 1855 936 1910 ἀλλ’
977 1855 1078 1910 ἐπὶ
1119 1864 1255 1919 τοῖς
1293 1853 1589 1919 τοξόταις
1627 1855 1695 1909 τὸ
1736 1852 1937 1926 ἔργον

177 1966 220 1998 20
243 1945 610 2012 ποιήσεται;
657 1945 855 2014 λόχον
901 1951 1146 2010 καθιεῐ;
1192 1947 1257 1998 τί
1299 1951 1621 1998 τοσοῦτον
1667 1944 1937 2014 εὕρηκεν

244 2026 287 2104 ᾧ
352 2034 743 2103 καταπλήξει
814 2035 1264 2105 στρατόπεδον
1334 2027 1431 2097 οἷς
1497 2034 1937 2103 κατώρθωκεν

245 2165 326 2208 sed
365 2164 452 2220 γὰρ
487 2178 701 2222 suprascr
732 2181 782 2222 y,
815 2166 859 2210 L
891 2165 972 2209 sed
1002 2165 1052 2208 in
1082 2179 1172 2220 ras,
1206 2166 1253 2209 οὐ
1283 2182 1336 2222 γρ
1369 2164 1419 2208 in
1449 2177 1584 2222 marg
1607 2163 1710 2208 Mor
1758 2165 1764 2221 Ι
1816 2162 1937 2208 ἔστιν

246 2224 295 2269 ἐν
327 2225 385 2268 Va·
417 2225 497 2267 sed
533 2223 620 2268 ἔστι
652 2241 702 2281 γε
734 2224 784 2267 in
814 2239 947 2280 marg
978 2225 1047 2268 m²
1074 2226 1080 2281 Ι
1108 2241 1158 2281 γε
1190 2239 1265 2268 om
1293 2225 1346 2269 ΟΖ
1950 2273 1952 2275 ,

365 2289 388 2327 1
423 2284 484 2335 ὡς
514 2288 819 2328 πεπονθῶσιν
854 2285 955 2328 Vm
1004 2287 1010 2341 1
1058 2291 1151 2328 τῶν
1183 2281 1234 2328 δὲ
1267 2283 1406 2329 οὐδὲν
1440 2284 1540 2327 Vin
1673 2287 1696 2324 2
1731 2277 1837 2338 ὦ(2)
1881 2282 1938 2326 Vi

365 2347 390 2385 6
421 2340 472 2387 τὸ
505 2343 679 2386 inserui
705 2356 729 2386 e
753 2342 886 2386 libris
949 2357 1023 2387 om
1048 2343 1138 2386 edd
1262 2347 1286 2386 7
1319 2343 1450 2398 ἡμῶν
1475 2341 1640 2398 scripsi
1672 2354 1697 2384 e
1723 2341 1938 2386 MGlPar

303 2402 432 2457 ὑμῶν
457 2402 578 2446 LLa
590 2403 646 2447 Vi
658 2403 804 2447 VzTIB
817 2403 884 2446 Va
917 2403 1007 2445 edd
1035 2404 1041 2458 Ι
1068 2403 1151 2460 μὲν
1177 2416 1253 2446 om
1284 2403 1385 2446 ViII
1506 2405 1560 2444 10
1593 2407 1756 2456 μισοῦν
1789 2401 1836 2443 et
1860 2399 1937 2443 ἀλ-

245 2468 360 2519 γοῦν
394 2462 494 2506 Vi11
618 2466 669 2505 13
701 2461 830 2517 ἡμῶν
856 2461 1022 2517 scripsi
1046 2475 1070 2505 e
1097 2463 1201 2506 ΜΒ
1227 2461 1308 2506 sed
1332 2461 1383 2503 in
1412 2460 1502 2503 hoc
1533 2476 1560 2516 η
1586 2473 1642 2503 ex
1665 2476 1695 2503 v
1728 2473 1842 2514 corr,
1867 2459 1938 2502 Va

305 2521 433 2577 ὑμῶν
458 2521 647 2564 LLaVz·
659 2520 915 2565 ViHClPar
946 2521 1037 2564 edd
1168 2524 1222 2563 14
1254 2520 1335 2564 καὶ
1360 2546 1412 2552 -—-
1441 2524 1540 2572 220,
1561 2523 1614 2562 19
1649 2519 1831 2568 διώκεις
1862 2532 1937 2561 om

247 2582 346 2625 Par
468 2583 521 2623 15
547 2576 688 2623 αὑτὸν
709 2579 762 2623 Ol
785 2580 867 2622 sed
886 2577 896 2594 ⁸
928 2593 954 2624 e
971 2577 984 2594 ’
1016 2594 1118 2624 corr
1140 2579 1210 2622 m⁴
1271 2578 1414 2623 αὐτὸν
1432 2578 1553 2622 LLa
1565 2579 1622 2623 Vi
1645 2578 1735 2620 edd
1763 2580 1769 2632 Ι
1797 2579 1936 2633 ἐρρω-

247 2637 393 2695 μένως
421 2639 607 2694 reposui
639 2653 662 2682 e
693 2638 827 2682 libris
853 2638 1126 2694 (ἐρρωμένος
1152 2640 1268 2694 ViII)
1330 2635 1589 2694 ἐρρωμένον
1622 2637 1710 2679 edd
1740 2638 1746 2693 Ι
1773 2636 1855 2680 καὶ
1885 2635 1935 2678 in

246 2712 380 2755 marg
412 2698 491 2743 Vi²
553 2711 627 2741 om
652 2697 727 2741 La
850 2702 902 2740 16
937 2697 1180 2742 ἀπέδωκεν
1213 2698 1283 2741 Va
1314 2697 1396 2741 sed.
1427 2713 1458 2739 α
1488 2696 1537 2739 in
1570 2713 1590 2740 ε
1624 2710 1724 2739 corr
1770 2697 1776 2752 1
1825 2695 1936 2751 ἡμῖν

248 2757 412 2813 scripsi
445 2771 469 2802 e
496 2757 610 2801 Mol
670 2757 779 2814 ὑμῖν
811 2756 981 2812 reliqui
1004 2756 1114 2800 libri
1139 2756 1231 2800 edd
1258 2758 1263 2812 Ι
1291 2754 1603 2811 τετελεσμένος
1633 2755 1692 2798 Vi
1716 2754 1795 2798 sed
1819 2770 1938 2798 τετε-

246 2817 463 2872 λεσμένης
501 2816 550 2858 in
589 2829 723 2873 marg
754 2815 825 2858 m²
961 2820 1015 2859 18
1049 2815 1073 2859 ὃ
1107 2829 1181 2858 om
1208 2817 1253 2859 B
1394 2819 1447 2858 19
1481 2814 1522 2858 εἰ
1554 2815 1664 2857 ante
1695 2816 1752 2857 λα
1784 2813 1847 2858 ὼν
1882 2813 1939 2856 Vi

250 2878 257 2933 Ι
293 2893 347 2932 γρ
378 2883 471 2920 τῶν
501 2874 699 2927 τοξοτῶν
739 2874 788 2918 in
820 2889 955 2931 marg
986 2874 1088 2918 Mor
1207 2878 1287 2917 ‘20
1326 2871 1463 2930 χόλον
1499 2873 1555 2917 Vi
1593 2873 1674 2915 sed
1704 2875 1736 2916 -λ
1766 2888 1849 2929 χον
1887 2871 1936 2914 in

247 2949 382 2991 marg
411 2935 482 2978 m²
