2014 3158
253 113 362 167 384
717 113 946 158 LIBANII
975 113 1364 159 DECLAMATIO
1398 113 1499 158 XLI

251 251 405 304 νύων
445 250 615 304 αὑτὸν
663 260 840 304 ποιῶν
885 253 1141 313 πλειόνος
1187 250 1367 318 ἀξιον,
1416 250 1585 304 οὐδὲν
1631 246 1782 320 οἶμαι
1823 252 1943 304 δεῖν

252 339 647 407 ἐπισταμένους
687 340 990 394 διδάσκειν·
1028 341 1154 410 περὶ
1194 339 1242 393 δ’
1282 336 1351 393 αὖ
1391 347 1486 408 τῆς
1517 341 1776 409 διαβολῆς
1810 339 1944 394 ἐκεῖ·

251 449 317 482 νο
365 428 527 498 λέγω·
582 431 663 491 τίς
718 429 820 482 οὐκ
867 429 937 483 ἂν
982 428 1240 498 ἠνέσχετο
1290 429 1546 499 ῥημάτων
1599 428 1804 497 ὀλίγων
1852 427 1943 482 καὶ

251 522 598 588 βλασφημίας
637 519 788 580 τινὸς
826 517 1040 586 μέλλων
1081 519 1429 587 συκοφάντας
1459 522 1588 581 τοὺς
1622 519 1943 588 λοιδοροῦν-

206 628 226 661 5
251 627 344 670 τας
392 606 652 677 ἐλέγξειν;
707 617 820 670 πῶς
868 606 915 660 δ’
969 607 1040 661 ἂν
1086 608 1154 660 οὐ
1201 612 1413 677 μᾶλλον
1467 605 1763 671 ἀπέπνιξας
1815 609 1944 670 τοὺς

249 698 349 766 τὴν
389 699 495 765 σὴν
534 700 934 766 βασκαίνοντας
975 698 1234 766 δύναμιν,
1258 698 1324 769 ,εἰ
1364 697 1571 765 ταύτην
1609 694 1816 760 ἔδειξας
1857 696 1942 750 ἐπὶ

249 792 323 858 τῷ
356 794 449 855 τῆς
481 789 686 848 πόλεως
720 786 914 859 ἀγαθῷ
937 785 1289 855 κεκτημένος;
1323 786 1427 855 ἐγὼ
1460 795 1676 856 πρῶτος
1706 785 1944 849 ἀναστὰς

249 873 485 928 ἐκάλουν
524 876 595 929 ἂν
633 874 878 938 ἐκείνους
917 878 1145 945 λοιμοὺς
1183 876 1274 929 καὶ
1325 883 1419 945 τῆς
1457 877 1666 937 πόλεως
1705 872 1944 944 ἐχθροὺς

249 962 339 1017 καὶ
386 968 654 1034 τιμωρίαν
700 963 963 1036 ἀπῄτουν.
1015 963 1132 1018 ἀλλ’
1179 965 1245 1018 οὐ
1285 967 1384 1018 τὸν
1431 966 1655 1034 φθόνον
1702 963 1943 1026 ἐδεδίεις.

184 1075 227 1108 10
249 1054 450 1118 πόθεν;
506 1051 621 1107 ἀλλ’
674 1052 825 1124 ᾔδεις
880 1054 1049 1107 οὐδὲν
1102 1053 1170 1107 ὃν
1222 1055 1369 1123 παρὰ
1423 1060 1605 1125 σαυτῷ
1659 1060 1941 1106 τοσοῦτον.

250 1143 342 1195 διὰ
380 1138 526 1195 τοῦτ’
573 1141 790 1214 ἐπῄνεις
829 1143 967 1212 ἡμᾶς
1006 1144 1152 1214 παρὰ
1191 1144 1289 1196 τὸν
1327 1143 1467 1196 θεὸν
1506 1143 1840 1210 βαδίζοντας.

363 1231 445 1284 28.
486 1234 585 1301 Μὴ
627 1232 728 1285 ὅσα
761 1231 935 1301 φασὶν
967 1228 1123 1285 οὗτοι
1155 1233 1453 1300 δύνασθαι,
1491 1231 1670 1285 πάντα
1707 1231 1942 1299 τούτοις,

249 1316 291 1373 ὦ
330 1325 575 1391 πολῖται,
622 1322 832 1375 δυνατὰ
880 1325 1145 1390 νομίζετε,
1195 1321 1331 1375 ἀλλὰ
1377 1322 1444 1374 τὰ
1482 1319 1606 1389 μέν,
1654 1320 1720 1372 τὰ
1759 1318 1808 1372 δ’
1855 1321 1942 1388 οὔ,

248 1408 338 1463 καὶ
378 1411 444 1463 τὰ
482 1408 583 1478 μὲν
622 1412 859 1481 σφόδρα,
900 1412 965 1464 τὰ
1004 1409 1053 1464 δ’
1092 1411 1300 1480 ἥκιστα.
1340 1419 1453 1472 τοῖς
1485 1410 1589 1478 γὰρ
1624 1402 1739 1471 οἶος
1779 1404 1941 1471 οὗτός

182 1519 224 1553 15
250 1498 398 1552 ἐστιν
444 1499 661 1553 ἀνελεῖν
709 1500 809 1568 μὲν
855 1501 1151 1571 συμφορὰν
1197 1499 1299 1553 οὐκ
1345 1496 1486 1568 ἔστι,
1538 1499 1710 1568 ῥάψαι
1750 1498 1811 1551 δὲ
1849 1496 1939 1550 καὶ

248 1589 662 1643 κατασκευάσαι.
702 1590 793 1642 διὰ
833 1597 996 1643 τοῦτο
1035 1599 1147 1642 τῶν
1177 1587 1526 1659 μισουμένων
1556 1588 1766 1657 μᾶλλόν
1799 1588 1942 1641 εἰσιν

247 1676 281 1745 ἦ
320 1686 432 1730 τῶν
470 1687 646 1748 τιμῶν
677 1677 1032 1748 ἀξιουμένων.
1073 1679 1375 1748 εὐδαίμονα
1405 1675 1508 1747 μὲν
1538 1677 1643 1747 γὰρ
1676 1675 1941 1745 ἐποίησαν

249 1765 469 1836 οὐδένα,
507 1770 747 1830 πολλοὺς
787 1765 847 1821 δὲ
886 1767 1135 1830 ἀθλίους.
1176 1766 1260 1820 29.
1300 1769 1479 1820 πόθεν
1519 1767 1587 1835 δὴ
1625 1773 1788 1819 τοῦτο
1826 1785 1939 1819 τοι-

249 1856 416 1908 οῦτόν
456 1854 592 1921 ἐστι;
646 1866 758 1910 τῶν
805 1857 1086 1926 δαιμόνων
1133 1856 1191 1909 οἱ
1231 1856 1332 1924 μὲν
1370 1857 1588 1925 χείρους
1634 1855 1724 1908 καὶ
1763 1863 1939 1917 κακῶς

182 1966 225 1999 20
250 1954 432 1998 ποιεῖν
469 1947 773 2014 πεφυκότες
812 1944 1109 2016 τέρπονταί
1151 1964 1209 1998 τε
1248 1952 1362 2007 τοῖς
1399 1943 1507 1997 ὑπὸ
1546 1944 1760 1997 τούτων
1798 1945 1938 2014 δρω-

160 2038 281 2083 RIV
295 2043 379 2083 733
425 2033 610 2101 μένοις
649 2032 740 2088 καὶ
780 2034 1328 2104 συγκαταπράττουσι
1363 2034 1370 2103 Ι
1405 2034 1469 2087 τὰ
1509 2033 1665 2086 δεινὰ
1704 2033 1771 2101 δὴ
1810 2040 1936 2085 ταῦ-

247 2142 314 2175 τα
351 2121 441 2175 καὶ
483 2121 799 2176 ἀπολλύντα
839 2123 1186 2193 ἀνθρώπους.
1226 2121 1351 2192 μεθ’
1392 2117 1471 2175 ὧν
1512 2118 1663 2175 οὗτοι
1696 2123 1936 2174 διιστᾶσι

367 2303 393 2343 8
428 2299 484 2343 cf.
517 2300 549 2343 t.
577 2299 597 2341 I
624 2302 721 2352 168,
742 2303 789 2353 9;
821 2299 884 2341 ΙΠ
911 2303 1009 2353 187,
1027 2303 1067 2343 4.
1101 2298 1230 2344 Dem.
1256 2298 1458 2354 Aristog.
1484 2298 1504 2340 Ι
1534 2312 1580 2354 p.
1608 2302 1705 2354 794,
1725 2302 1750 2340 5

369 2467 391 2505 1
436 2461 580 2506 αὑτὸν
620 2461 784 2517 scripsi
815 2475 840 2505 e
874 2462 981 2506 GrB
1058 2459 1201 2506 αὐτὸν
1225 2458 1540 2506 PParMosM
1575 2459 1667 2503 edd
1810 2463 1836 2502 5
1879 2459 1934 2504 οὐ

247 2520 422 2564 inserui
453 2535 479 2565 e
503 2522 549 2565 B
611 2534 686 2564 om
709 2522 1024 2565 PParMosM
1057 2521 1148 2564 edd
1210 2522 1441 2577 scripssura
1472 2519 1521 2562 in
1548 2520 1608 2564 Cr
1638 2519 1817 2563 incerta

250 2585 274 2623 6
306 2580 422 2635 πρὸς
454 2582 560 2624 ante
592 2579 676 2636 τὴν
702 2580 871 2624 MosM
900 2580 1002 2623 Mor
1033 2583 1081 2624 et
1112 2580 1235 2624 inser
1257 2578 1379 2624 Par²
1440 2578 1515 2622 del
1548 2578 1615 2621 Re
1650 2582 1656 2635 Ι
1691 2576 1719 2634 ἢ
1753 2579 1862 2622 ante
1894 2578 1936 2622 εἰ

251 2640 311 2683 Μ
340 2641 387 2682 et
417 2639 542 2683 inser
563 2637 686 2683 Par²
717 2640 765 2683 et
803 2639 1100 2683 inserendum
1141 2638 1244 2682 coni
1284 2637 1445 2682 Iacobs
1477 2637 1589 2681 Leet
1734 2642 1785 2680 11
1830 2640 1933 2682 δια-

247 2696 371 2742 τοῦτ’
401 2699 447 2742 Ρ
470 2699 477 2755 Ι
503 2698 623 2755 ἡμᾶς
655 2697 704 2740 in
734 2711 868 2755 marg
891 2698 1012 2743 Ραν2
1134 2703 1187 2741 13
1221 2693 1255 2741 ὦ
1283 2704 1373 2741 παῖ
1392 2698 1438 2741 Ρ
1495 2692 1644 2740 ὦπται
1669 2694 1697 2753 ἢ
1722 2697 1822 2740 Par
1852 2695 1934 2740 sed
2013 2720 2014 2740 ;

247 2785 276 2842 ἢ
307 2787 432 2830 inser
462 2786 532 2830 m²
566 2788 571 2842 Ι
615 2772 845 2843 wulger&
869 2788 967 2831 Par
1089 2792 1143 2830 14
1174 2785 1232 2830 τὰ
1244 2786 1321 2843 (1)]
1354 2792 1499 2829 ταῦτα
1523 2787 1623 2830 Par
1745 2789 1797 2828 16
1830 2787 1931 2829 δια-

246 2853 380 2890 τοῦτο
415 2847 460 2889 Β
510 2850 516 2901 Ι
565 2847 737 2902 μᾶλλον
775 2852 866 2890 τῶν
905 2844 1192 2902 μισουμένων
1226 2845 1287 2888 Μ
1331 2846 1338 2901 Ι
1387 2844 1644 2901 μισούντων
1679 2845 1785 2888 Mos

251 2939 302 2978 ιτ
336 2921 428 2979 τὸν
452 2936 562 2979 Mos
