2014 3158
493 112 777 157 DAMNATI
806 112 990 158 EXILII
1020 111 1259 157 ΡΕΤΙΤΙΟ
1618 110 1727 163 525

148 251 273 300 Cum
295 254 343 300 P
367 253 420 300 in
443 253 740 303 lectionibus
764 254 1061 315 scholiisque
1084 253 1185 300 fere
1209 240 1489 316 congr‘uunt
1512 251 1727 299 Lauren-

33 328 204 375 tianus
236 326 376 374 LVII
411 329 476 375 27
514 327 695 389 quique
728 344 787 375 ex
815 327 908 376 hoe
946 327 1090 375 fluxit
1121 326 1633 386 Wolfenbuttelanus,
1671 327 1729 372 ut

34 401 210 449 horum
241 401 476 449 lectiones
507 402 561 449 in
592 404 893 464 apparatum
921 401 1143 449 criticum
1176 402 1390 462 recipere
1424 399 1730 462 superfluum

33 476 196 524 visum
229 475 306 523 sit.

147 549 366 612 Excepto
397 551 665 611 prooemio,
699 549 830 611 quod
860 549 1115 598 Ioannes
1148 548 1352 610 Doxap
1365 549 1485 596 atri
1514 549 1567 595 in
1600 563 1728 596 com-

33 623 279 672 mentario
320 624 382 671 ad
413 623 739 688 Hermogenis
770 621 880 690 περὶ
918 620 1152 689 εὖρέσεων
1190 622 1419 670 libellum
1451 623 1728 683 conscripto

36 699 88 744 et
126 713 155 744 a
186 713 265 746 me
297 714 322 746 e
354 697 520 746 codice
551 698 854 746 Barocciano
895 715 966 762 gr.
1001 699 1105 745 175
1141 696 1387 758 descripto
1428 698 1478 744 et
1509 711 1538 743 a
1570 695 1729 743 Rabio

34 787 148 819 oum
180 774 357 834 ectypo
388 772 783 834 photographico
811 771 1048 820 Vaticani
1079 788 1150 835 gr.
1179 772 1321 819 2228
1357 763 1587 836 collatol)
1620 770 1727 818 lau-

36 845 190 906 davit,
221 846 509 894 testimonia
539 846 729 894 desunt.

145 920 205 967 In
235 920 396 968 lucem
426 922 682 981 protracta
721 923 796 968 est
834 920 1130 968 declamatio
1172 935 1301 967 anno
1338 919 1478 967 1517
1515 918 1730 966 editione

0 1030 1 1042 2
35 993 410 1041 Ferrariensi
428 987 523 1060 (=
541 988 684 1060 Ferr)
702 994 788 1042 fol.
800 995 868 1042 88
871 996 1065 1043 Η--93
1081 1010 1207 1056 quae
1226 1010 1250 1041 e
1269 993 1729 1041 Wolfenbuttelano

35 1066 200 1115 codice
239 1061 450 1134 fluxit.²)
496 1067 640 1116 Hanc
675 1068 805 1116 Fed.
837 1068 1124 1117 Morellus
1165 1067 1380 1116 editione
1422 1082 1551 1115 anno
1587 1067 1726 1116 1606

34 1141 168 1189 foras
199 1143 351 1190 missa
373 1141 547 1190 Liban.
573 1158 685 1205 opp.
710 1144 744 1189 t.
769 1142 796 1190 I
825 1160 873 1205 p.
902 1143 1191 1191 689—699
1220 1135 1314 1209 (=
1338 1135 1470 1207 Mor)
1496 1140 1732 1203 repetivit

35 1216 287 1264 nonnullis
327 1216 558 1265 correctis
598 1217 678 1264 vel
717 1231 827 1264 cum
865 1235 938 1282 γρ.
970 1218 1024 1265 111
1062 1219 1285 1280 margine
1324 1216 1501 1278 positis
1542 1231 1668 1277 quae
1705 1232 1729 1262 e

35 1288 203 1338 codice
242 1289 467 1338 Parisino
507 1307 578 1354 gr.
607 1292 750 1340 3014
791 1292 1057 1353 sumpsisse
1095 1283 1361 1357 videtum-³)
1423 1291 1562 1338 Duos
1606 1290 1729 1338 alios

37 1363 227 1412 codices
265 1364 442 1425 Reyios
481 1365 711 1413 adhibuit
748 1367 800 1413 in
835 1361 1054 1414 ‘Notatis
1093 1365 1157 1412 ad
1195 1360 1481 1413 Libanium’
1522 1364 1730 1412 editioni

35 1437 320 1500 praemissis
351 1438 384 1485 1.
410 1437 546 1501 VIIV,
585 1455 799 1502 quorum
830 1456 956 1489 unus
996 1455 1142 1502 quem
1182 1439 1307 1487 dixit
1338 1440 1491 1487 alium
1521 1438 1731 1498 Remum

39 1511 260 1561 Godioem
297 1512 554 1561 Parisinus
595 1530 665 1576 gr.
705 1507 925 1580 29884)‚
964 1514 1093 1563 alter
1131 1530 1279 1576 quem
1318 1513 1444 1560 dixit
1467 1515 1580 1562 ant.
1612 1512 1728 1574 Rey.

35 1601 182 1634 mnsc.
216 1585 472 1634 Parisinus
504 1604 576 1651 gr.
604 1588 745 1636 3018
780 1581 875 1654 (=
900 1581 1018 1655 P)5)
1051 1588 1203 1636 fuisse
1234 1587 1445 1636 videtur

147 1660 402 1708 Nonnulla
432 1661 578 1709 huius
605 1661 835 1710 editionis
859 1664 985 1710 vitia
1008 1662 1290 1710 Reiskius
1316 1655 1412 1728 (=
1435 1654 1532 1727 Re)
1556 1661 1728 1708 Ferra-

17 1728 213 1786 {riensis
258 1735 489 1783 editionis
528 1736 675 1819 plane
714 1737 974 1784 immemor
1010 1738 1119 1783 tum
1159 1753 1250 1798 ope
1290 1735 1470 1784 codicis
1509 1735 1729 1783 Wolfen-

35 1807 285 1856 buttelani
316 1811 424 1856 tum
457 1825 514 1856 ex
545 1811 743 1874 ingenio
776 1812 987 1871 sanavit,
1020 1810 1104 1858 sed
1135 1825 1259 1858 uxor
1295 1825 1421 1872 quae
1462 1809 1730 1858 editionem

22 1884 233 1939 >curavit
262 1884 297 1930 t.
322 1883 395 1930 IV
425 1900 472 1945 p.
500 1884 788 1932 502—511
823 1901 922 1934 non
954 1884 1120 1933 omnia
1150 1884 1204 1932 in
1234 1886 1374 1932 textu
1403 1884 1638 1946 reposuit.

149 1955 458 2005 Paucissima
497 1958 559 2005 ad
604 1958 736 2006 hunc
776 1959 1121 2023 corrigendum
1160 1958 1476 2007 contulerunt
1518 1958 1604 2006 Fr.
1636 1958 1728 2005 Ia-

16 2029 277 2078 ·oobsius
326 2027 655 2079 ‘Lectionum'
704 2025 910 2099 libro⁶),
959 2031 1008 2081 O.
1051 2026 1400 2098 Sintenis⁷),
1448 2030 1728 2092 Gobetus,

38 2106 289 2166 permulta
319 2105 377 2153 A.
413 2099 675 2172 Gasda.⁸)

160 2263 203 2316 1)
237 2259 303 2304 Cf.
337 2275 478 2317 supra
509 2276 553 2317 p.
581 2266 681 2305 478.

158 2321 202 2375 2)
237 2318 302 2363 Cf.
335 2320 413 2363 t.I
445 2335 488 2376 p.
518 2325 588 2363 75.

159 2381 202 2434 3)
236 2378 301 2423 Cf.
334 2381 365 2423 t.
393 2379 434 2423 V
464 2395 508 2436 p.
537 2383 621 2422 198
654 2381 702 2423 et
733 2393 873 2436 supra
903 2395 947 2436 p.
976 2384 1031 2425 78
1064 2383 1110 2424 et
1142 2385 1242 2425 206.

153 2439 198 2493 4)
231 2436 296 2482 Cf.
330 2440 364 2482 t.
390 2437 430 2480 V
461 2453 506 2495 p.
535 2443 632 2483 198.

160 2499 203 2553 5)
236 2496 303 2540 Cf.
336 2512 477 2553 supra
508 2512 551 2553 p.
579 2502 664 2540 239
697 2500 792 2542 not.
819 2502 859 2542 3.

161 2557 203 2612 6)
238 2555 303 2600 Cf.
335 2558 369 2599 t.
394 2557 416 2600 I
445 2572 489 2614 p.
517 2561 570 2600 ’Π
605 2559 653 2601 et
683 2556 717 2599 V
755 2572 799 2613 p.
828 2561 925 2601 198.

163 2617 205 2670 7)
239 2614 303 2659 Cf.
336 2617 369 2658 t.
394 2616 415 2659 I
446 2631 490 2672 p.
520 2619 586 2658 78.

157 2676 201 2730 8)
234 2674 300 2718 Cf.
335 2676 367 2718 t.
393 2675 434 2718 V
467 2691 511 2732 p.
541 2679 638 2719 198.
