2020 3146
231 102 266 153 '1
277 101 303 152 1
312 101 343 154 8
630 98 898 159 [LIBANII]
929 97 1322 144 DEGLAMATIO
1353 98 1545 143 XXXIV

223 234 326 289 >noel
364 233 528 288 παντὶ
571 237 756 306 τρόπῳ
806 234 1109 299 ἀνασώζειν
1153 239 1455 303 πειρᾶσθαι
1498 235 1596 287 τὸν
1635 235 1932 304 κάμνοντα,

225 325 264 378 ’ὁ
304 321 366 377 δὲ
404 325 581 393 πατὴρ
623 323 725 392 οὐχ
764 323 940 386 οὕτως
979 323 1212 392 ἀνόητος
1260 322 1333 386 ὡς
1380 323 1779 392 ἀποκηρύττειν
1810 322 1933 376 ἐθέ-

227 418 357 467 λειν
407 411 476 466 δι’
533 412 599 466 ὃν
644 413 705 465 τὸ
763 415 858 482 ζῆν
904 410 1027 482 ἔχει.
1083 411 1116 480 ἡ
1163 413 1267 482 γὰρ
1322 419 1423 465 τοῦ
1469 413 1666 475 παιδὸς
1713 413 1790 474 εἰς
1835 413 1933 465 τὸν

228 503 378 556 θεὸν
417 501 712 570 ἐπαγγελία
748 501 838 554 καὶ
878 501 911 570 ἡ
950 509 1050 555 τοῦ
1098 502 1372 554 ταλάντου
1412 503 1698 569 φιλοτιμία
1741 502 1932 570 τεκμή-

186 611 211 645 ε
235 611 361 662 ριον
406 597 481 663 τῷ
529 589 688 643 παιδὶ
743 592 952 658 γίνεται
1007 597 1107 643 τοῦ
1158 590 1283 657 περὶ
1329 590 1428 643 τὸν
1474 588 1680 659 πατέρα
1727 591 1929 642 πόθου.

237 680 377 734 ὅθεν
416 680 445 733 ὁ
478 680 655 748 πατὴρ
695 679 762 732 οὐ
802 676 914 748 μετ’
955 664 1221 747 ἀληθείας
1260 679 1362 747 τὴν
1402 677 1743 747 ἀποκήρυξιν
1775 677 1934 746 ἀπερ-

237 769 465 838 γάζεται.
505 766 628 838 ᾔδει
669 767 791 836 γάρ,
822 766 927 820 κᾶν
958 768 1006 820 εἰ
1037 767 1184 821 πάνυ
1217 767 1566 837 φιλάργυρον
1601 767 1773 820 αὐτὸν
1803 766 1932 819 ὑπο-

239 858 446 926 λάβοις,
486 857 560 920 ὡς
600 856 874 910 ἀνασώσει
913 856 1082 909 πάλιν
1119 856 1329 926 περιὼν
1367 857 1427 909 τὸ
1468 856 1753 909 τάλαντον.
1800 856 1849 908 2.
1880 859 1939 908 τί

239 942 344 999 οὗν
383 945 529 1018 αὐτῷ
563 946 629 998 τὰ
668 953 763 1014 τῆς
801 943 1188 1015 ἀποκηρύξεως
1227 945 1505 1014 βούλεται;
1551 944 1936 1014 ἐπανόρθωσίς

173 1057 217 1090 10
239 1033 356 1088 ἐστι
402 1041 503 1087 τοῦ
549 1034 747 1096 παιδὸς
793 1034 1117 1103 εῑσύστερον
1163 1031 1253 1086 καὶ
1302 1034 1394 1086 ἵνα
1439 1035 1512 1103 μὴ
1559 1034 1798 1102 μεγάλας
1840 1035 1936 1097 τὰς

240 1121 566 1192 ἐπαγγελίας
611 1131 845 1191 ποιῆται.
907 1130 1070 1175 τοῦτο
1126 1123 1231 1192 γὰρ
1282 1123 1516 1191 μάλιστα
1571 1124 1936 1193 φιλαργύρων

241 1214 465 1266 ἅπτεται
518 1209 609 1264 καὶ
664 1215 862 1264 λυπεῖν
917 1212 1082 1264 δοκεῖ.
1146 1211 1234 1264 καὶ
1289 1212 1398 1279 ἅμα
1453 1213 1532 1274 εἰς
1586 1212 1684 1265 τὸν
1735 1209 1935 1264 ἑαυτοῦ

151 1306 272 1352 RIV
290 1311 375 1350 655
423 1303 630 1370 τρόπον
660 1305 982 1367 μεταθεῖναι
1017 1301 1024 1369 Ι
1059 1302 1158 1353 τὸν
1188 1301 1359 1354 παῖδα
1390 1301 1666 1369 βούλεται,
1698 1299 1813 1354 ἐπεὶ
1846 1301 1937 1353 καὶ

243 1386 404 1453 οὗτος
442 1388 693 1457 πατέρων
731 1391 901 1458 νόμος
940 1390 1096 1457 ἄγειν
1125 1390 1263 1458 πρὸς
1295 1390 1431 1459 ἅπερ
1464 1388 1622 1442 αὐτοὶ
1661 1387 1937 1461 προῄρην-

171 1502 218 1535 15
242 1498 330 1532 ται
369 1481 500 1541 τοὺς
539 1479 753 1540 παῖδας.
816 1479 1148 1548 τραχύτερος
1195 1475 1256 1531 δὲ
1302 1479 1395 1531 διὰ
1433 1479 1494 1531 τὸ
1533 1474 1677 1547 ἦθος
1715 1479 1938 1545 γίνεται.

245 1569 447 1630 σκοπὸς
493 1567 555 1621 δὲ
602 1567 749 1638 αὐτῷ
797 1567 1074 1636 πρόδηλος
1120 1565 1452 1620 ἐπανελθεῖν
1499 1568 1686 1620 οἴκαδε
1736 1571 1797 1618 τὸ
1845 1566 1937 1619 τά-

245 1661 460 1710 λαντον.
500 1656 548 1708 3.
590 1656 734 1708 οὕτω
775 1653 876 1724 μὲν
915 1655 1248 1725 ἀμφοτέροις
1285 1657 1351 1708 τὰ
1390 1665 1502 1709 τῶν
1534 1658 1716 1724 λόγων
1746 1657 1938 1725 κεράν·

242 1765 418 1799 νυται.
473 1745 749 1813 τοσαύτην
802 1745 981 1813 ῥοπὴν
1035 1746 1095 1797 τὸ
1152 1747 1354 1813 ζήτημα
1401 1745 1566 1814 νέμει.
1629 1747 1678 1798 εἰ
1727 1742 1788 1798 δὲ
1839 1746 1938 1798 τὸν

246 1834 551 1904 ἁρμόζοντα
603 1840 677 1903 τῷ
739 1834 1066 1905 φιλαργύρῳ
1130 1834 1298 1902 λόγον
1361 1833 1786 1901 ἀποδεδώκαμεν
1846 1831 1938 1886 καὶ

175 1944 223 1977 20
245 1930 527 1992 πανταχοῦ
566 1923 627 1975 τὸ
668 1918 810 1990 ἦθος
840 1920 902 1975 ἐν
932 1929 1007 1994 τῷ
1041 1924 1298 1991 ζητήματι
1339 1923 1670 1991 σεσώκαμεν,
1711 1931 1939 1975 σκοπεῖν

246 2009 528 2081 ὑμέτερον.

368 2177 389 2214 1
418 2173 575 2225 σώζειν
593 2173 664 2216 Va
777 2175 802 2213 3
791 2168 945 2240 -πρὸς
960 2172 1006 2215 Β
1121 2175 1147 2213 4
1173 2169 1430 2227 ἀσκληπιὸν
1450 2172 1513 2215 Μ
1569 2188 1622 2228 γρ
1647 2171 1864 2214 θάνατον
1888 2170 1939 2212 in

246 2259 380 2303 marg
404 2245 506 2288 Mor
529 2246 699 2301 (ortum
725 2258 750 2288 e
773 2248 839 2288 θν
863 2244 987 2288 male
1010 2244 1268 2302 intellecto)
1391 2249 1416 2287 5
1442 2242 1648 2300 γίγνεται
1668 2245 1711 2288 V
1729 2244 1820 2287 edd

249 2309 274 2348 6
307 2303 421 2360 μετὰ
453 2304 545 2348 edd
669 2309 692 2347 7
732 2303 987 2362 ὑπολάβοις
1018 2303 1183 2360 scripsi
1217 2319 1240 2348 e
1265 2305 1310 2348 Β
1342 2306 1396 2347 ut
1428 2304 1532 2347 coni
1565 2304 1632 2346 Re
1665 2306 1795 2359 („aut
1824 2303 1939 2347 ὑπο-

247 2362 382 2422 λάβοι
414 2379 482 2413 τις
522 2365 601 2421 ley.
636 2364 815 2408 videtur
854 2369 936 2407 aut
975 2361 1229 2420 ὑπολάβοις
1266 2369 1370 2416 aut,
1409 2363 1530 2418 quod
1568 2363 1631 2407 ad
1671 2363 1937 2407 sententiam

247 2422 366 2466 idem
397 2424 495 2476 erit,
529 2421 891 2480 ὑπολάβοιμεν“)
968 2420 1197 2480 ὑπολάβοι
1234 2421 1407 2478 reliqui
1438 2420 1547 2464 libri
1588 2422 1665 2464 sed
1710 2421 1941 2477 scriptura

246 2481 298 2524 in
325 2479 384 2525 Gr
413 2481 608 2534 incerta,
641 2481 732 2525 edd
759 2482 767 2539 Ι
805 2480 946 2525 πάλιν
978 2480 1155 2524 inserui
1187 2494 1211 2525 e
1236 2482 1358 2525 LaB
1421 2495 1495 2523 om
1521 2482 1577 2524 Η
1585 2482 1684 2524 VM
1692 2481 1760 2524 Va
1792 2480 1883 2523 edd

245 2539 480 2596 scriptura
511 2541 560 2583 in
588 2541 647 2585 Or
677 2539 857 2583 incerta
978 2543 1003 2582 9
1037 2537 1082 2584 δ’
1120 2537 1178 2583 αὖ
1215 2541 1284 2584 Va
1407 2543 1460 2582 10
1497 2539 1740 2593 ἐσύστερον
1765 2541 1824 2583 Η
1877 2538 1942 2589 εἰς

240 2598 439 2654 ὕστερον
463 2600 508 2642 Β
646 2604 701 2642 14
733 2598 849 2654 πρὸς
881 2598 1045 2655 scripsi
1079 2613 1102 2642 ο
1129 2599 1414 2644 GrHVLaB
1477 2599 1543 2648 εἰς
1568 2599 1629 2641 M
1637 2600 1706 2643 Va
1736 2598 1828 2641 edd
1860 2597 1941 2641 sed

246 2675 304 2714 γρ
335 2658 452 2712 πρὸς
482 2658 532 2700 in
563 2670 697 2714 marg
727 2657 829 2701 Mor
951 2663 1003 2701 15
1035 2658 1284 2715 ταχύτερος
1311 2658 1548 2702 CrHVVa
1573 2659 1620 2701 et
1643 2675 1697 2714 γρ
1729 2657 1778 2700 in
1809 2670 1943 2713 marg

249 2716 351 2760 Mor
378 2718 384 2774 Ι
413 2717 626 2774 βούλεται
658 2718 728 2761 Va
858 2722 911 2759 16
946 2715 1106 2761 οἴκαδε
1138 2716 1302 2772 scripsi
1334 2731 1358 2760 e
1384 2717 1429 2760 Β
1492 2715 1612 2760 οἴκοι
1641 2717 1761 2761 GrH
1765 2717 1869 2760 VM
1874 2716 1943 2760 Va

251 2775 326 2820 La
357 2775 448 2819 edd
595 2779 647 2818 19
681 2773 939 2832 ἁρμόζοντα
973 2776 1043 2820 Va
1077 2776 1157 2818 sed
1189 2792 1274 2831 ρμο
1307 2775 1355 2818 in
1387 2788 1462 2819 ras
1495 2775 1565 2818 m²
1705 2779 1760 2818 20
1792 2778 1941 2831 ζητεῖν

249 2835 295 2878 Β
419 2839 471 2878 21
507 2833 728 2890 ἡμέτερον
754 2835 857 2878 HV
