2044 3168
166 99 250 143 AD
282 97 782 143 ANTECEDENTEM
810 96 1338 144 DECLAMATIONEM
1369 97 1702 144 ANTILOGIA
1749 98 1856 151 165

166 236 435 297 δικαίως
489 233 829 303 ἀσχάλλων
882 229 984 303 ἦν,
1031 233 1129 288 ὅτι
1184 235 1300 302 τὴν
1357 237 1560 303 κόμην
1621 232 1857 303 ἀπέβα-

167 328 301 391 λεν,
363 323 565 386 οὕτως
620 321 753 375 οὐδ’
807 323 961 391 ἡμῖν
1015 320 1336 392 εὐπρεπὲς
1390 324 1858 392 δυσχεραίνειν

167 403 264 474 οἷς
337 410 774 474 ἀποκοπέντες
842 413 1038 480 μικρὰ
1115 412 1232 465 οὐκ
1303 412 1692 482 ὀφθαλμοὺς
1752 412 1859 465 καὶ

167 501 318 569 ῥῖνα
349 502 383 569 ἥ
414 520 474 552 τι
506 500 732 571 ἕτερον
763 510 888 553 τῶν
918 510 1154 569 μερῶν,
1194 499 1329 555 ἀλλ’
1369 502 1562 564 ὅλους
1594 501 1857 569 ἀνεκτη-

168 590 421 658 σάμεθα
476 588 762 652 ἑαυτούς.
831 589 918 642 46.
968 589 1111 642 οὕτω
1167 591 1268 658 δεῖ,
1314 590 1502 660 πάτερ,
1541 591 1676 643 κατὰ
1717 597 1858 643 νοῦν
1904 610 1925 643 5

168 678 424 748 στρέφειν
461 679 534 747 μὴ
569 681 745 748 μόνον
775 679 876 747 τὴν
914 688 1026 732 τῶν
1063 679 1356 749 χρημάτων
1387 678 1682 748 ἀφαίρεσιν
1721 675 1858 747 μηδὲ

166 767 526 834 τάναλώματα
562 773 803 836 θεωρεῖν
849 768 988 821 αὐτὰ
1033 767 1160 821 καθ’
1209 767 1370 834 αὑτά,
1418 767 1556 822 ἀλλὰ
1602 767 1693 820 καὶ
1739 767 1859 835 ἥτις

165 856 382 924 ἐγένετο
397 858 678 926 πρόφασις
701 855 754 920 ἐξ
772 855 939 927 ἀρχῆς
956 856 1274 910 ἀναλίσκειν
1299 855 1389 910 καὶ
1406 865 1568 919 ποῖον
1592 855 1861 910 ἐντεῦθεν

166 948 228 1000 τὸ
269 945 462 1014 κέρδος
502 944 723 1014 συνέβη.
779 947 827 999 εἰ
865 947 970 1016 γὰρ
1009 954 1182 999 ταῦτα
1220 948 1363 1015 μόνα
1403 956 1629 999 σκοπεῖν
1666 944 1858 1014 ἀξιοῖς,

167 1036 282 1103 ὥρα
306 1050 394 1088 σοι
420 1036 742 1103 διαβάλλειν
766 1035 833 1088 οὐ
864 1037 1039 1104 μόνον
1070 1038 1203 1099 τοὺς
1235 1035 1389 1098 ἰδίως
1422 1033 1858 1105 ὀνομαζομένους
1883 1056 1927 1088 ιο

166 1123 439 1194 ἐμπόρους
482 1122 620 1193 ἕτερ’
667 1122 796 1177 ἀνθ’
848 1123 1050 1195 ἐτέρων
1105 1124 1504 1195 ἀμειβομένους
1556 1124 1665 1192 ἀεί,
1719 1123 1858 1177 ἀλλὰ

166 1212 256 1266 καὶ
295 1224 493 1276 κοινῶς
530 1215 630 1268 τὸν
667 1213 1033 1282 ἀνθρώπινον
1070 1216 1197 1283 βίον
1244 1214 1499 1282 οὐδαμῶς
1545 1215 1721 1276 ἄλλως
1772 1212 1857 1266 ὅτι

163 1305 236 1373 μὴ
277 1305 368 1357 διὰ
407 1311 502 1372 τῆς
538 1311 638 1356 τοῦ
679 1302 927 1372 ἀμείβειν
966 1303 1101 1357 ὁδοῦ
1140 1306 1409 1372 προϊόντα
1446 1304 1536 1356 καὶ
1568 1311 1668 1356 τοῦ
1708 1303 1859 1355 διδό-

166 1413 258 1446 ναι
296 1391 396 1460 μὲν
435 1391 667 1446 ἕκαστον
709 1393 775 1445 τὰ
820 1391 949 1462 παρ’
995 1391 1219 1462 ἑαυτοῦ,
1275 1391 1634 1463 εἰσφέρεσθαι
1684 1388 1746 1444 δὲ
1791 1392 1858 1443 τὰ

165 1483 312 1550 παρὰ
349 1489 460 1534 τῶν
507 1483 704 1535 ἄλλων.
772 1482 860 1536 47.
899 1484 994 1535 καί
1027 1502 1123 1550 μοι
1160 1480 1674 1552 προκεχειρισμένος
1713 1481 1859 1533 ἅπαν
1882 1501 1925 1534 1⁶

164 1568 332 1639 ἔργον
371 1570 734 1641 ἀνθρώπινον
782 1573 972 1624 σκόπει
1018 1591 1112 1638 μοι
1151 1580 1366 1640 σαφῶς,
1405 1570 1475 1623 ἄν
1512 1572 1587 1639 μή
1626 1583 1715 1623 σοι
1754 1588 1859 1637 φα-

165 1663 389 1729 νήσεται
430 1658 619 1727 ἑτέρου
658 1660 822 1729 χάριν
858 1661 1214 1730 ποιούμενον,
1253 1661 1320 1714 τὰ
1357 1660 1535 1713 πάντα
1567 1655 1628 1712 δὲ
1659 1667 1860 1721 κοινῶς

166 1748 304 1818 ὑπέρ
352 1769 410 1802 τε
448 1755 549 1802 τοῦ
589 1752 686 1818 ζῆν
731 1750 870 1818 ἡμᾶς
915 1748 1006 1802 καὶ
1053 1753 1232 1812 καλῶς
1281 1752 1393 1818 ζῆν,
1449 1751 1526 1812 εἰς
1573 1747 1602 1801 ὃ
1651 1749 1719 1817 δὴ
1767 1745 1858 1800 καὶ

167 1841 331 1892 τείνει
370 1837 587 1892 ἐπίνοια
625 1846 771 1891 πᾶσα
810 1836 900 1891 καὶ
939 1837 1102 1908 τέχνη
1140 1837 1232 1891 καὶ
1271 1840 1442 1901 πόνος
1486 1838 1857 1907 ἀνθρώπινος.

168 1929 215 1980 εἰ
262 1926 328 1980 δέ
373 1929 464 1980 σοί
514 1946 597 1990 τις
642 1925 733 1980 καὶ
782 1929 986 1997 ἰατρῶν
1038 1929 1417 1997 μνησθήσεται
1463 1925 1552 1980 καὶ
1591 1929 1855 1995 κυβερνη-
1881 1947 1926 1980 20

168 2026 278 2070 τῶν
324 2018 455 2079 τοὺς
501 2012 603 2085 μὲν
649 2015 946 2083 τέμνοντας
993 2015 1170 2085 λέγων
1214 2015 1306 2069 καὶ
1352 2014 1590 2088 κᾴοντας
1634 2013 1787 2069 ἔστιν
1826 2014 1859 2067 ἃ

167 2115 280 2159 τῶν
325 2114 509 2174 μερῶν
553 2104 930 2174 βουλομένους
982 2125 1044 2174 γε
1097 2106 1158 2158 τὸ
1213 2109 1405 2159 λεῖπον
1456 2113 1557 2158 τοῦ
1612 2102 1862 2173 σώματος

171 2195 380 2262 σώζειν,
412 2196 542 2256 τοὺς
581 2193 631 2247 δ’
670 2196 821 2247 ἔστιν
860 2193 920 2247 ἐν
952 2188 1036 2257 οἷς
1065 2195 1349 2248 κινδύνων
1380 2192 1552 2247 πάνθ’
1591 2190 1671 2247 ὅσ’
1721 2192 1860 2260 ἀγώ-

170 2303 301 2351 γιμα
340 2282 823 2351 ἀποβαλλομένους
860 2280 998 2352 ὑπὲρ
1039 2283 1162 2346 ἑνὸς
1198 2284 1418 2352 τούτου,
1457 2290 1552 2351 τῆς
1591 2284 1862 2350 σωτηρίας

171 2381 332 2439 σφῶν
384 2392 442 2425 τε
491 2373 676 2426 αὐτῶν
721 2372 810 2424 καὶ
864 2382 976 2425 τῶν
1030 2372 1399 2442 ἐμπλεόντων,
1454 2368 1559 2442 ἀρα
1612 2373 1858 2440 βουλήσῃ
1884 2390 1926 2424 25

170 2470 348 2523 κακῶς
385 2459 476 2513 καὶ
522 2462 755 2523 τούτους
802 2461 975 2513 εἰπεῖν
1022 2463 1094 2530 μὴ
1141 2463 1208 2514 τὰ
1255 2461 1448 2515 ε’νόντα
1494 2458 1860 2530 φυλάξαντας,

173 2548 271 2611 οὓς
309 2549 508 2612 πάντες
547 2550 619 2612 ὡς
664 2546 794 2611 ἔπος
840 2550 1016 2603 εἰπεῖν
1061 2551 1352 2619 ἄνθρωποι
1400 2548 1724 2603 ἐπαινοῦσιν
1767 2546 1861 2600 ἀν-

294 2742 316 2780 7
351 2737 463 2782 εἴτισ
487 2739 530 2782 L
651 2743 676 2782 8
710 2739 906 2796 ἐξαρχῆσ
930 2740 1054 2787 LV!
1082 2738 1347 2784 ἀναλίσκειν
1373 2740 1415 2783 L
1448 2739 1528 2783 sed
1559 2738 1627 2795 yp'
1655 2739 1861 2782 ἀναλοῦν

172 2796 221 2839 in
251 2811 385 2854 marg
507 2802 562 2841 10
596 2796 745 2850 ἰδίους
776 2798 817 2841 V
937 2803 990 2842 13
1022 2799 1267 2853 προϊόντος
1293 2800 1338 2843 V
1451 2803 1506 2841 20
1542 2799 1594 2842 δὲ
1619 2812 1691 2842 σοι
1721 2798 1794 2841 τὶσ
1818 2797 1861 2840 L

163 2887 176 2894 -
234 2855 285 2899 δὲ
318 2870 390 2899 σοι
419 2855 491 2900 τίσ
524 2858 564 2901 V
681 2862 734 2901 21
769 2856 974 2901 κάοντασ
1005 2858 1045 2900 V
1104 2858 1304 2918 κᾴοντοσ
1329 2858 1371 2901 L
1502 2861 1556 2900 23
1589 2854 1747 2902 τούσδ’
1774 2856 1866 2900 LV

294 2919 348 2958 25
382 2915 607 2972 σωτηρίας
638 2923 729 2960 τῶν
761 2932 808 2960 τε
840 2923 970 2972 σφῶν
1002 2917 1154 2960 αὐτῶν
1187 2917 1228 2960 V
