2014 3158
141 83 143 85 ’
219 102 325 155 398
653 100 880 145 LIBAMI
911 100 1300 146 DECLAMATIO
1330 101 1453 147 xm

332 243 415 292 25.
446 242 823 304 Mosquensis
854 242 1182 291 bibliothecae
1214 242 1467 305 synodalis
1492 243 1596 291 489
1624 244 1772 292 antea
1798 244 1901 292 317

218 332 342 365 saec.
367 316 459 364 XV
490 316 575 364 fol.
602 317 686 364 45.
741 316 867 364 Vide
898 319 933 364 t.
958 317 1005 363 V
1036 334 1082 379 p.
1111 317 1217 365 180
1235 332 1305 379 sq.

238 441 245 446 .
333 391 416 451 26.
447 390 777 439 Vaticanus
809 408 881 454 gr.
917 392 1022 440 224
1055 406 1180 441 saec.
1212 391 1304 438 XV
1334 391 1418 440 fol.
1453 393 1574 440 221.
1637 391 1764 440 Vide
1793 393 1830 440 t.
1854 391 1906 440 ΙΙ

216 482 264 527 p.
294 467 397 513 194
416 480 483 527 sq.

332 541 414 587 27.
446 539 759 587 Parisinus
790 557 861 603 gr.
889 540 994 588 854
1020 554 1145 588 saec.
1169 539 1287 587 XIV
1318 540 1467 587 titulo
1494 542 1544 588 et
1566 540 1710 587 initio
1734 539 1904 602 privus

219 614 438 662 continet
477 614 613 662 foliis
659 615 764 661 264
807 608 953 681 (vai),
1002 615 1109 662 260
1149 607 1283 680 (vag)
1314 640 1389 646 —
1423 615 1526 662 263
1570 607 1710 680 (τλθ)
1755 614 1907 663 verba

219 685 468 752 ἐγνώκειν,
500 681 538 735 ὦ
563 685 738 754 ἄνδρες
762 705 808 750 p.
834 690 957 749 402,
979 690 1048 736 20
1072 703 1229 750 usque
1255 688 1318 736 ad
1341 685 1760 754 ἀπολελογημένος
1782 681 1909 737 εἶναι

218 778 264 823 p.
291 764 414 823 430,
435 763 516 809 19.
572 761 697 809 Vide
728 764 765 810 t.
791 763 835 809 V
867 779 913 824 p.
943 764 1043 810 171
1066 778 1136 823 sq.

332 837 415 884 28.
450 835 807 898 Smyrnaeus
845 836 1176 885 bibliothecae
1216 836 1412 885 scholae
1445 837 1759 900 evangelicae
1791 837 1905 884 B-9

220 925 342 958 saec.
369 910 539 957 XVIII
561 910 646 959 fol.
674 912 778 959 358
805 911 1078 974 descriptus
1112 927 1169 957 ex
1201 911 1416 959 editione
1440 910 1745 960 Morellia-na.
1781 910 1908 959 Vide

220 988 256 1033 t.
281 985 327 1032 V
358 1001 405 1046 p.
431 986 554 1035 415.

331 1059 405 1105 Ex
435 1059 511 1107 his
537 1075 658 1121 quos
682 1061 734 1106 in
759 1074 960 1108 censum
982 1059 1230 1108 vocandos
1258 1075 1361 1108 esse
1387 1059 1505 1107 duxi
1529 1060 1719 1108 codices
1743 1059 1910 1108 decem

223 1133 522 1182 OrHVGLa
535 1134 855 1182 ViMVaBOc
899 1149 1068 1182 rursus
1113 1135 1167 1182 in
1214 1134 1337 1183 duas
1385 1133 1645 1182 discedunt
1692 1133 1910 1182 familias
2007 1135 2014 1142 ’

221 1223 431 1269 quarum
460 1207 597 1269 prior
629 1208 879 1257 codicibus
907 1207 1138 1271 CrHVO,
1171 1207 1330 1257 altera
1353 1208 1437 1258 La
1448 1208 1771 1258 Vz'MVaBOl
1800 1223 1911 1256 con-

220 1283 422 1329 tinctur.

331 1355 592 1404 Rationem
625 1372 752 1418 quae
783 1357 915 1404 inter
945 1357 1166 1420 singulos
1197 1356 1461 1405 intercedit
1484 1357 1672 1405 codices
1703 1357 1796 1405 hoc
1819 1355 1915 1404 tibi

220 1430 394 1478 reddet
424 1432 631 1478 stemma

236 2260 297 2309 Vi
320 2259 535 2309 codicem
567 2277 625 2308 ex
655 2262 763 2322 ipso
788 2261 871 2308 La
903 2260 1205 2322 descriptum
1237 2275 1340 2308 esse
1372 2259 1638 2322 singularis
1663 2260 1912 2320 vitiorum,

228 2334 405 2397 quibus
441 2334 498 2383 Ol
535 2334 660 2382 liber
699 2336 794 2396 est,
842 2350 1105 2383 consensus
1118 2328 1158 2400 ¹)
1197 2333 1407 2396 probare
1449 2333 1657 2381 videtur.
1719 2333 1911 2381 Nihilo-

226 2408 389 2456 minus
420 2408 654 2456 lectiones
687 2409 790 2456 eius
822 2425 921 2457 non
954 2409 1015 2456 ab
1049 2410 1294 2470 apparatu
1333 2408 1503 2455 critico
1542 2408 1751 2474 removi,
1793 2422 1912 2468 quo-

228 2482 362 2530 niam
393 2498 509 2544 pars
541 2482 722 2531 codicis
754 2484 937 2530 vetusti
967 2482 1049 2530 La
1079 2483 1228 2544 periit
1259 2484 1308 2529 et
1338 2498 1492 2530 manu
1523 2481 1707 2529 saeculi
1737 2480 1855 2528 XVI
1887 2497 1912 2528 e

231 2556 397 2605 codice
428 2557 556 2604 alius
586 2555 805 2604 familiae
838 2556 1069 2618 suppleta
1101 2559 1188 2604 est.
1232 2555 1290 2604 Ol
1313 2572 1370 2603 ex
1395 2555 1565 2603 eodem
1589 2555 1790 2617 quidem
1814 2570 1910 2616 quo

227 2630 310 2678 La
342 2630 477 2678 fonte
509 2630 652 2678 fluxit
683 2623 759 2696 (f)
794 2630 878 2677 sed
910 2630 1058 2677 simul
1081 2630 1182 2678 vim
1215 2629 1393 2677 codicis
1425 2645 1482 2676 ex
1515 2629 1684 2677 eodem
1717 2644 1813 2690 quo
1839 2629 1913 2676 Va

230 2704 498 2766 exemplari
528 2697 594 2770 (i)
627 2703 860 2765 descripti
892 2705 1121 2765 expertus
1154 2706 1243 2752 est.

350 2860 391 2915 1)
423 2857 525 2903 Duo
550 2859 663 2902 satis
687 2859 776 2903 erit
800 2858 1036 2903 attulisse:
1060 2874 1105 2915 p.
1124 2864 1258 2915 415‚1
1286 2858 1535 2915 ηὔχεσθαις
1567 2857 1778 2914 μολύνων
1803 2859 1911 2901 ante

228 2916 377 2974 ἡδέως
407 2933 451 2973 p.
478 2922 578 2973 420,
600 2923 665 2961 15.
