2020 3146
97 88 289 134 AVARI
319 88 396 134 OB
420 88 758 133 TALENTUM
781 88 1152 134 AESOULAPIO
1178 87 1395 133 VOTUM
1418 89 1614 135 ABDIC.
1683 89 1787 142 119

764 283 840 337 ‘H
872 283 1117 352 μελέτη.

211 403 255 455 1.
294 400 400 457 ῗΗν
446 404 576 474 ἄρα,
624 402 698 466 ὡς
737 400 941 470 ἔοικεν,
989 402 1268 471 ἐπιτυχεῖν
1307 403 1511 470 ὑγείας,
1554 400 1595 455 ὦ
1638 403 1788 456 δικά-

97 495 302 561 ζοντες,
341 493 548 556 παντὸς
586 492 660 555 ὡς
699 493 876 545 εἰπεῖν
912 492 1166 545 θανάτου
1207 490 1609 561 χαλεπωτέρας,
1657 492 1788 560 ὅπερ

94 601 190 650 μοι
231 581 540 650 συμβέβηκε
580 582 645 633 τὰ
691 588 801 635 νῦν
847 582 939 634 διὰ
985 582 1083 634 τὸν
1122 581 1362 650 χρηστὸν
1400 580 1530 633 υἱὸν
1567 578 1789 633 τουτονὶ

94 671 198 739 τὴν
237 669 441 739 ἀμείνω
482 671 656 723 νόσον
695 668 818 723 ἀντὶ
857 678 1026 739 κακῆς
1070 669 1259 737 ὑγείας
1306 667 1666 731 ἀλλάξασθαι.
1722 669 1788 722 οὐ
1837 691 1858 724 5

94 761 207 829 μὴν
245 758 387 828 ἀλλ’,
427 757 542 812 ἐπεὶ
581 767 655 830 τῷ
696 761 910 812 πλείονι
949 758 1192 827 τέθνηκα
1231 763 1476 829 λογισμῷ
1515 756 1606 810 καὶ
1647 759 1790 811 δοκῶ

96 846 200 918 μὲν
230 857 520 918 περιεῖναι,
553 853 772 917 οἴχομαι
806 845 866 900 δὲ
897 854 974 920 τῷ
1006 856 1107 901 τοῦ
1139 848 1413 900 ταλάντου
1446 849 1623 918 πόθῳ,
1654 846 1794 914 παρ’

96 938 239 1006 ὑμᾶς
270 937 554 1004 ἀπήντηκα
579 936 962 990 ἀπελάσασθαι
993 943 1195 989 τοῦτον
1225 944 1321 1005 τῆς
1354 936 1531 998 οἰκίας
1562 935 1793 998 ἐθέλων,

94 1026 348 1095 καθάπερ
404 1022 565 1089 οὗτος
618 1025 754 1094 ἐμοῦ
809 1027 870 1078 τὸ
925 1026 1212 1078 τάλαντον.
1274 1026 1367 1077 καὶ
1421 1023 1638 1093 δέομαι,
1691 1026 1794 1094 τὴν

95 1115 260 1185 χάριν
301 1114 643 1183 ε’πινεύσατε,
690 1115 783 1167 ἵνα
828 1115 902 1183 μὴ
948 1115 1086 1183 πρὸς
1136 1115 1282 1184 λύπῃ
1323 1115 1515 1183 ζημίαν
1554 1114 1794 1183 <λάβω>,
1819 1136 1862 1168 ιο

98 1204 192 1256 ἵνα
236 1205 309 1273 μὴ
355 1202 446 1256 καὶ
493 1204 700 1272 ταύτην
747 1205 1074 1273 ὃυστυχήσω
1122 1204 1224 1272 τὴν
1271 1201 1533 1273 ἐπήρειαν
1570 1201 1793 1257 τουτονὶ

96 1291 323 1362 τρέφειν
369 1292 821 1362 ἀναγκαζόμενος.
884 1293 933 1344 2.
973 1293 1003 1347 ὁ
1042 1289 1144 1359 μὲν
1191 1289 1296 1345 οὖν
1341 1293 1477 1355 θεὸς
1530 1291 1636 1345 ἀπὸ
1684 1302 1794 1346 τῶν

97 1380 378 1449 ἡμετέρων
421 1383 703 1449 πλούσιος,
744 1382 851 1451 ἐγὼ
893 1379 954 1435 δὲ
993 1384 1284 1448 καινότερα
1317 1382 1608 1450 δυστυχῶν
1647 1399 1794 1451 περι-

98 1480 310 1539 ορῶμαι
348 1472 455 1540 πρὸ
495 1476 749 1541 τελευτῆς
799 1472 1330 1540 κληρονομούμενος.
1395 1469 1460 1523 ὃν
1499 1472 1603 1539 γὰρ
1645 1467 1795 1540 εἶχον

99 1562 309 1628 κλῆρον
339 1561 564 1630 περιών,
588 1567 791 1614 τοῦτον
822 1560 897 1623 ὡς
926 1561 1212 1628 τεθνηκὼς
1243 1560 1563 1613 ἀπολώλεκα
1593 1565 1669 1631 τῷ
1699 1568 1796 1629 τῆς
1820 1581 1863 1615 1⁵

102 1648 267 1718 εὐχῆς
298 1651 494 1719 τρόπῳ.
528 1648 717 1718 ἐπειδὴ
751 1646 812 1702 δὲ
842 1649 1058 1702 τούτων
1090 1654 1263 1711 αἴτιος
1295 1644 1475 1716 οὗτος,
1508 1647 1793 1702 ἀκουσάτω

96 1738 234 1805 μετὰ
265 1741 572 1808 παρρησίας
596 1740 738 1805 (μου
774 1737 1065 1806 λέγοντος)
1100 1738 1107 1806 Ι
1143 1738 1216 1800 ὡς
1247 1737 1350 1790 οὐκ
1374 1739 1488 1790 ἔστι
1519 1757 1613 1804 μοι
1653 1741 1774 1786 RIV
1797 1747 1883 1787 656

220 1918 245 1957 2
277 1913 328 1957 τὸ
360 1911 608 1970 προοίμιον
640 1915 690 1958 ἐκ
720 1911 993 1969 περιουσίας
1019 1915 1082 1958 Μ

222 2082 245 2120 1
274 2074 335 2120 ‘H
363 2076 523 2134 μελέτη
557 2091 631 2121 om
657 2078 703 2120 B
778 2076 1066 2135 Φιλάργυρος
1097 2075 1431 2134 ἀποκηρύττων
1461 2076 1564 2120 Mor
1594 2076 1662 2120 Re

100 2140 127 2178 2
152 2133 311 2192 ὑγείας
335 2136 500 2193 scripsi
525 2149 550 2180 e
570 2137 686 2180 VaB
748 2134 927 2194 ὑγιείας
945 2137 1060 2182 GrH
1070 2136 1245 2182 VMLa
1269 2136 1361 2180 edd
1385 2135 1444 2180 cf.
1461 2135 1491 2179 l.
1511 2141 1561 2189 ὃς
1586 2151 1630 2192 p.
1660 2139 1795 2189 120‚7

100 2196 151 2238 et
184 2199 459 2250 193128‚9;
495 2199 595 2249 129,
616 2200 670 2240 10
703 2196 752 2239 et
785 2200 837 2239 11
871 2198 920 2240 et
953 2200 1008 2239 13
1042 2196 1089 2239 et
1118 2200 1371 2250 173130‚1
1399 2197 1447 2238 et
1471 2199 1497 2238 3
1523 2196 1571 2238 et
1596 2199 1619 2238 7
1646 2196 1694 2239 et
1720 2199 1797 2248 123

104 2259 204 2309 131,
226 2259 273 2308 73
309 2259 451 2310 135,8
485 2256 533 2298 et
566 2259 620 2297 10
653 2257 702 2297 eb
734 2259 787 2299 13
821 2257 869 2298 et
894 2259 970 2309 183
1005 2258 1172 2310 136‚3;
1207 2259 1348 2309 137‚1
1379 2257 1385 2311 Ι
1412 2271 1468 2311 γρ
1501 2254 1717 2298 δικασταὶ
1747 2253 1798 2296 in

102 2327 236 2370 marg
268 2313 368 2357 Mor
488 2318 515 2356 4
545 2320 694 2357 τανῦν
721 2314 1017 2359 OrVMVaB
1041 2314 1133 2358 edd
1255 2318 1280 2357 5
1312 2321 1393 2370 τῆς
1426 2315 1534 2357 ante
1567 2318 1716 2368 κακῆς
1740 2314 1803 2357 Μ

101 2372 195 2416 edd
244 2375 250 2427 Ι
299 2370 460 2430 ὑγείας
483 2374 560 2417 La
591 2373 674 2416 sed
705 2389 746 2417 ει
776 2385 833 2417 ex
864 2390 882 2416 ι
914 2387 1016 2417 corr
1044 2374 1075 2428 f
1128 2371 1305 2430 ὑγιείας
1330 2374 1555 2418 CrHVM
1581 2373 1672 2416 edd

103 2436 132 2475 6
163 2430 324 2476 πλέονι
344 2432 459 2477 GrH
467 2434 571 2477 VM
590 2432 681 2476 edd
805 2436 827 2475 7
862 2448 918 2477 ov
942 2434 1051 2476 ante
1082 2439 1316 2488 περιεῖναι
1332 2432 1409 2476 La
1435 2433 1442 2488 Ι
1469 2431 1607 2490 πόθῳ
1632 2431 1800 2488 scripsi

161 2489 312 2534 πάθει
341 2490 452 2535 libri
484 2492 566 2535 sed
598 2509 654 2548 γρ
685 2489 824 2549 πόθῳ
855 2491 907 2534 in
937 2506 1072 2548 marg
1105 2493 1188 2547 Va,
1220 2491 1312 2535 edd
1433 2495 1460 2535 8
1491 2498 1657 2535 τοῦτον
1689 2491 1798 2534 ante

101 2554 186 2605 τῆς
216 2549 392 2593 inserui
417 2563 442 2594 e
459 2552 519 2605 Β,
545 2552 654 2594 ante
679 2550 855 2595 ἐθέλων
883 2552 945 2595 Μ
971 2550 1061 2594 edd
1123 2565 1199 2595 om
1219 2550 1535 2596 OrHVVaLa
1657 2554 1712 2593 10
1743 2556 1798 2606 τῆ

102 2610 240 2666 λοιπῆ
267 2610 312 2652 Β
340 2610 346 2666 Ι
374 2610 496 2668 λάβω
536 2610 710 2653 inserui
750 2608 841 2653 coll
873 2609 1002 2653 Dem.
1034 2625 1079 2666 p.
1109 2615 1207 2664 155,
1227 2614 1281 2653 13
1343 2623 1420 2653 om
1450 2609 1560 2653 libri
1592 2609 1685 2653 edd
1716 2608 1799 2652 sed

107 2668 313 2723 „videtm-
343 2667 669 2726 ἀπενέγκωμαι
700 2669 767 2713 vel
798 2669 888 2713 tale
917 2670 1030 2725 quid
1059 2670 1229 2714 deesse“
1257 2669 1326 2712 Re
1393 2667 1605 2726 λάβωμαι
1634 2667 1797 2712 Iacobs

104 2726 217 2770 Lect
250 2731 334 2770 134
365 2727 473 2772 Not.
500 2728 601 2771 erit.
628 2728 688 2771 ad
713 2727 813 2772 Lib.
839 2728 961 2783 apol.
986 2743 1032 2784 p.
1058 2732 1114 2772 29
1239 2733 1291 2771 11
1319 2726 1396 2771 ἵνα
1421 2726 1482 2783 μὴ
1514 2741 1591 2771 om
1611 2728 1658 2772 Β
1685 2727 1692 2786 Ι
1719 2727 1799 2770 καὶ

105 2799 183 2828 om
208 2788 271 2830 M
307 2786 314 2844 Ι
357 2786 625 2844 ὃυστυχήσω
656 2786 743 2842 τὴν
774 2800 849 2831 om
875 2786 951 2830 La
1073 2791 1126 2830 15
1158 2787 1350 2842 περιιὼν
1378 2788 1440 2830 Μ
1572 2791 1626 2830 16
1662 2800 1798 2843 „num

105 2842 318 2904 ἀτόπῳῗ“
354 2845 425 2889 Re
452 2849 458 2902 Ι
487 2846 587 2890 ἐπεὶ
612 2846 672 2889 M
679 2846 796 2890 VaB
825 2850 831 2903 Ι
860 2845 1086 2890 ἀκούσατε
1111 2847 1156 2890 Β
1281 2849 1332 2888 17
1367 2861 1456 2901 μου
1486 2844 1698 2901 λέγοντος
1728 2843 1798 2887 in-

105 2903 243 2958 serui,
275 2905 329 2947 ut
359 2903 572 2961 λέγοντος
603 2906 714 2960 ἐμοῦ
742 2910 824 2949 aut
852 2907 1007 2949 saltim
1038 2903 1250 2962 λέγοντος
1280 2904 1578 2949 inserendum
1602 2904 1706 2950 coni
1730 2903 1798 2946 Re
