2014 3158
996 430 1158 486 XLII.

237 553 573 622 Τύραννος
611 550 849 622 ᾔτησεν
889 551 949 616 ἐξ
994 551 1463 620 ἀστυγείτονος
1499 555 1746 615 πόλεως
1784 572 1918 622 μει-

230 642 462 710 ράκιον
509 641 755 709 ὡραῖον
801 641 1085 695 ἀπειλῶν
1130 643 1438 711 πόλεμον,
1486 643 1542 695 εἰ
1587 642 1666 711 μὴ
1714 642 1918 711 λάβοι.

230 730 500 795 ἐδέξατο
555 731 670 784 τὸν
722 732 1008 800 πόλεμον
1061 730 1093 799 ἡ
1147 733 1351 794 πόλις.
1406 730 1690 801 ἐπῆλθεν
1738 730 1766 784 ὁ
1814 732 1918 784 τύ-

231 839 483 889 ραννος.
537 818 1103 889 πολιορκουμένης
1157 827 1266 889 τῆς
1327 821 1571 883 πόλεως
1626 819 1654 873 ὁ
1714 821 1918 891 πατὴρ

186 908 623 972 εάποκτείνας
661 910 729 962 τὸ
770 909 1114 978 μειράκιον
1153 906 1424 978 ἔρριψεν
1470 909 1591 963 ἀπὸ
1639 916 1752 962 τοῦ
1792 911 1918 963 τεί-

229 1018 397 1067 χους.
437 997 846 1060 ἀπελθόντος
871 1005 984 1051 τοῦ
1013 1000 1346 1067 τυράννου
1371 999 1666 1069 κρίνεται
1692 1000 1919 1067 φόνου.

897 1130 967 1183 ‘H
996 1131 1240 1202 μελέτη.

141 1255 261 1300 RIV
278 1259 364 1299 460
526 1251 571 1303 1.
610 1250 717 1318 Εἴη
772 1249 843 1304 ἂν
895 1247 986 1303 καὶ
1039 1257 1204 1303 τοῦτο
1258 1257 1351 1319 τῆς
1408 1249 1535 1320 ἐμῆς
1590 1250 1835 1321 ἀτυχίας,
1876 1245 1918 1304 ὦ

231 1340 445 1410 ἄνδρες,
484 1340 545 1392 τό
583 1358 737 1402 τινας
778 1337 1072 1409 ἐπιχειρεῖν
1110 1341 1329 1393 πείθειν
1358 1339 1499 1408 ὑμᾶς
1531 1340 1604 1403 ὡς
1637 1341 1746 1409 ἄρα
1786 1339 1919 1410 ἐμοῦ

352 1501 412 1546 Or
443 1523 498 1537 =
526 1498 679 1544 Codex
707 1499 1040 1557 palimpsestus
1072 1499 1525 1557 Hierosolymitanus
1554 1500 1597 1545 S.
1623 1499 1781 1545 Crucis
1811 1505 1865 1544 57

349 1561 406 1604 H
444 1582 499 1597 =
525 1559 979 1616 Hierosolymitanus
1013 1559 1055 1604 S.
1091 1559 1305 1617 Sepulcri
1331 1564 1414 1605 107

444 1641 500 1656 =
523 1618 782 1664 Vaticanus
814 1634 882 1677 gr.
916 1623 1003 1663 940

353 1679 389 1724 Ο
441 1701 497 1716 =
523 1678 772 1723 Chisianus
802 1679 844 1721 R
868 1678 932 1722 VI
955 1683 1012 1722 43

350 1740 426 1783 La
444 1761 499 1776 =
524 1738 869 1783 Laurentianus
900 1738 1023 1783 LVII
1047 1742 1105 1782 44

356 1798 416 1842 Vi
442 1820 498 1835 =
523 1797 898 1842 Vindobonensis
927 1797 1097 1854 philos,
1131 1799 1179 1842 etz
1209 1796 1372 1854 philol.
1397 1796 1461 1841 IV
1486 1802 1542 1841 82

353 1857 406 1902 Ol
443 1880 498 1894 =
523 1856 838 1902 Berolinensis
870 1872 939 1914 gr.
966 1862 1050 1901 195
1083 1856 1198 1901 olim
1230 1856 1616 1902 claromontanus

352 1918 413 1960 M
445 1939 500 1953 =
526 1916 791 1961 Marcianus
823 1931 890 1974 gr.
916 1920 1002 1960 439

360 1977 429 2020 Va
446 1998 501 2013 =
525 1975 783 2020 Vaticanus
814 1991 882 2034 gr.
908 1980 964 2020 82

351 2037 397 2080 B
448 2057 503 2073 =
528 2035 810 2080 Barberinus
835 2035 877 2078 ΙΙ
903 2040 955 2079 41
991 2035 1264 2093 (Vaticanus
1296 2035 1432 2080 Barb.
1460 2037 1563 2090 220)

354 2189 376 2228 1
411 2183 543 2229 Chor.
575 2183 658 2228 inf.
691 2199 736 2241 p.
756 2187 895 2239 205‚1
915 2199 981 2240 sq.
1015 2183 1086 2228 ed.
1121 2183 1265 2228 Boiss.
1300 2183 1428 2240 Calp.
1461 2183 1611 2227 Flacc.
1646 2183 1763 2228 decl.
1789 2187 1858 2228 38.

354 2337 378 2376 1
409 2332 537 2376 τουτὶ
567 2328 619 2376 τὸ
652 2331 871 2389 σύνθημα
903 2332 964 2383 ὡς
995 2329 1370 2388 ἐπιτηδειότατον
1401 2332 1481 2376 καὶ
1505 2338 1666 2387 σαφῶς
1690 2330 1766 2375 ἐπὶ
1796 2333 1920 2375 πλεῖ-

234 2406 341 2436 στον
372 2390 608 2447 ἀνήκοντα
646 2390 703 2434 τὰ
740 2398 831 2435 τῶν
871 2390 1074 2436 στάσεων
1112 2389 1446 2448 (ἐπιπλείστους
1484 2389 1752 2445 ἀνήκοντασ
1781 2389 1919 2434 ὑστά-

235 2465 349 2496 σεων
382 2451 485 2506 cod)
517 2451 595 2495 καὶ
627 2449 684 2493 τὰ
715 2449 927 2507 νοήματα
958 2449 1122 2506 ἄριστα
1148 2451 1209 2495 L⁸
1329 2454 1351 2493 7
1386 2446 1647 2500 ἀντίστασις
1672 2450 1869 2495 MBrubr

355 2602 377 2640 1
411 2599 462 2641 H
461 2594 709 2653 ρ.οθεωρία
735 2599 843 2640 ante
865 2597 1107 2652 Τύραννος
1129 2597 1252 2651 Fen,
1277 2594 1471 2654 Μελέτη
1498 2593 1792 2652 Προθεωρία.
1817 2595 1920 2639 Mor

234 2655 302 2699 Ra
363 2656 514 2700 delevi
578 2657 644 2700 Τύ
649 2672 891 2712 ρ-αννος
910 2660 1075 2711 404,16
1102 2659 1203 2701 δεῖν
1225 2656 1274 2700 in
1294 2657 1354 2701 Or
1375 2655 1616 2712 perierunt
1642 2656 1648 2713 Ι
1679 2655 1920 2711 Τύραννος

235 2714 282 2768 ἐξ
301 2713 635 2789 ἀστυγείτονος
649 2674 791 2766 ε,τινὸς
821 2714 958 2771 ἥτησε
985 2716 1038 2761 Ol
1179 2720 1204 2758 6
1243 2713 1533 2765 ἀπελθόντος
1569 2721 1651 2759 του
1686 2712 1918 2769 τυράννου

235 2771 462 2833 κρίνεται]
494 2775 572 2818 καὶ
605 2775 819 2846 ἀπηλθεν
851 2772 875 2818 ὁ
906 2774 1148 2829 τύραννος,
1180 2773 1216 2818 ὁ
1237 2774 1288 2818 δὲ
1320 2771 1524 2828 κρίνεται
1558 2774 1641 2830 011
1670 2771 1820 2829 φόνου
1845 2786 1920 2816 om

237 2834 294 2877 Η
301 2833 431 2878 Vooz
574 2837 657 2890 7η
689 2831 849 2890 μελέτη
884 2834 998 2877 Vara
1109 2847 1182 2876 om
1215 2831 1384 2887 reliqui
1415 2831 1524 2875 libri
1600 2831 1759 2889 μελέτη
1789 2829 1918 2887 τρίτη

236 2892 348 2936 Fert
424 2892 608 2947 Πατρὸς
629 2850 820 2950 ηάπολογ
823 2890 872 2936 ία
904 2837 1018 2935 Morb
1021 2845 1102 2935 rRe
1243 2896 1270 2935 8
1305 2891 1444 2949 τύχης
1469 2892 1522 2936 ΟΖ
1655 2896 1680 2934 9
1713 2889 1918 2948 βελτίους

237 2950 348 3007 ἐμοῦ
374 2952 435 2995 M
441 2952 558 2996 VaB
584 2954 591 3008 Ι
619 2952 730 3007 ἐμοῦ
761 2965 837 2995 om
866 2951 918 2995 Ol
