2044 3168
80 119 375 164 PAUPERIS
407 118 526 164 PRO
558 118 782 170 PATRIA
814 117 968 163 MORI
1001 117 1314 163 CUPIENTIS
1349 118 1572 163 ORATIO
1669 118 1774 170 193

79 255 380 325 ἀρχόμενος
435 249 595 309 εἶπον
647 262 747 308 τοῦ
804 255 999 323 λόγου,
1060 255 1238 323 πάσης
1293 253 1450 318 ἄξιον
1503 255 1775 324 εὐφημίας

78 343 342 413 ἡγοῦμαι,
389 346 489 413 τὴν
530 342 577 397 δ’
625 343 730 397 ἀπὸ
771 351 870 396 τοῦ
910 345 1009 396 τὸν
1056 343 1263 413 ἐχθρὸν
1309 348 1575 413 τολμῆσαι
1615 342 1776 396 ταῦτ’

79 432 140 487 ἐν
177 433 312 501 ὑμῖν
364 434 539 486 εἰπεῖν
578 433 828 502 ἀθυμίαν
868 433 1036 486 οὐδὲν
1075 433 1145 485 ἄν
1183 453 1291 502 μου
1331 441 1426 501 τῆς
1472 440 1650 502 ψυχῆς
1697 432 1775 497 ἐξ·

80 521 208 576 ε’λοι.
248 531 364 585 τοῖς
387 519 488 590 μὲν
513 524 616 592 γὰρ
643 523 829 585 ἄλλοις
855 523 1176 576 δεινότατον
1209 518 1349 576 εἶναι
1383 523 1536 576 δοκεῖ
1565 523 1775 591 πληγὰς

79 612 185 665 ὑπὸ
226 621 338 664 τῶν
377 613 668 679 δυσμενῶν
708 613 899 680 λαβεῖν
938 610 1028 664 καὶ
1074 614 1151 674 εἰς
1197 612 1259 665 τὸ
1309 620 1463 681 σῶμα
1501 611 1774 682 ὑβρισθῆ-
1821 633 1840 665 ⁶

32 688 35 690 i
77 721 188 768 ναι,
221 699 341 770 ἐμοὶ
377 700 438 753 δὲ
470 700 770 771 ἀφόρητον,
805 701 852 753 εἰ
884 701 1342 771 προπηλακίζοιτο
1376 701 1560 770 νόμος,
1593 702 1773 771 ὥσπερ

80 785 149 843 αὖ
196 788 455 857 μέγιστον
503 791 580 852 εἰς
626 789 984 858 εὐφροσύνην
1019 793 1026 855 Ι
1064 792 1224 859 ἰσχὺν
1274 787 1420 859 ἔχειν
1467 792 1596 853 τοὺς
1641 795 1761 839 RIV
1778 800 1863 839 233

78 880 296 948 νόμους.
338 878 422 932 20.
464 878 564 948 οὐχ
606 871 683 940 εἷς
714 879 1220 947 προπεπηλάκισται
1252 882 1439 948 νόμος,
1472 877 1597 932 ἀλλ’
1637 880 1776 942 ἅπας

77 968 287 1037 θεσμὸς
325 968 606 1038 ὕβρισται,
653 971 864 1034 μᾶλλον
912 967 997 1037 δέ,
1046 968 1180 1021 ὅλον
1224 969 1286 1021 τὸ
1327 976 1505 1039 σχῆμα
1543 977 1639 1038 τῆς
1678 969 1775 1022 πό-

79 1060 212 1118 λεως
251 1057 587 1126 τετάρακται.
628 1056 696 1109 οὐ
735 1058 840 1127 γὰρ
883 1057 968 1111 ὅτι
1006 1059 1078 1127 μὴ
1121 1055 1394 1111 δεδώκατε
1437 1058 1536 1110 τὸν
1576 1058 1775 1126 φόνον,
1800 1079 1842 1112 ιο

79 1143 247 1199 οὐδὲν
293 1147 469 1217 τούτῳ
510 1146 646 1199 κατὰ
692 1155 804 1198 τῶν
850 1147 1038 1216 νόμων
1080 1147 1427 1215 τετόλμηται,
1476 1145 1592 1200 ἀλλ’
1642 1147 1775 1200 αὐτὸ

79 1236 146 1303 δὴ
185 1235 246 1288 τὸ
286 1236 358 1304 μὴ
400 1236 670 1288 δεδόσθαι
709 1243 809 1288 τοῦ
841 1243 1012 1288 ταῦτα
1050 1235 1082 1288 ἃ
1114 1237 1186 1305 μὴ
1219 1243 1496 1305 προσῆκεν
1535 1234 1776 1308 ᾐτῆσθαι

77 1324 383 1394 μαρτύριον
422 1326 648 1392 γίνεται.
687 1322 786 1393 ὑφ’
830 1324 988 1394 ὑμῶν
1027 1322 1128 1395 μὲν
1177 1321 1281 1378 οὖν
1330 1326 1383 1378 οἱ
1427 1327 1589 1392 νόμοι
1627 1327 1776 1394 τετή-

78 1432 296 1483 ρηνται,
342 1413 451 1467 ὑπὸ
500 1414 702 1467 τούτου
752 1411 812 1467 δὲ
859 1416 1187 1483 κεκίνηνται.
1257 1414 1343 1466 21.
1384 1417 1585 1483 λόγους
1632 1417 1776 1483 εἰσή-

77 1522 273 1570 νεγκεν
311 1504 390 1566 εἰς
429 1502 723 1573 ἐκκλησίαν
765 1503 1060 1573 ἀκροπόλει
1098 1503 1425 1574 πρέποντας,
1466 1505 1666 1572 λόγους
1698 1504 1776 1566 εἰς
1801 1527 1843 1560 15

77 1592 255 1661 δῆμον
308 1600 619 1662 κρατοῦντα
671 1591 1051 1665 κεκρατημένῳ
1106 1595 1486 1663 προσήκοντας
1535 1592 1774 1646 ἀκούειν.

77 1678 166 1734 καὶ
207 1679 438 1750 γέγονεν
477 1680 940 1752 ἐφυβριστότερος
979 1691 1091 1735 τῶν
1130 1684 1310 1736 ὄντων
1350 1681 1409 1736 ἐν
1449 1684 1777 1752 τυραννίσιν

77 1769 106 1822 ὁ
152 1771 431 1834 πλούσιος.
486 1771 687 1825 ἐκεῖνοι
733 1767 835 1840 μὲν
886 1771 990 1840 γὰρ
1045 1772 1601 1839 καταδουλωσάμενοι
1647 1773 1776 1834 τοὺς

201 1936 222 1975 1
257 1930 316 1976 of.
348 1947 394 1988 p.
422 1935 521 1987 185,
540 1936 565 1975 ὅ
584 1947 650 1988 sq.
777 1936 830 1975 15
864 1932 920 1976 of.
954 1947 999 1988 p.
1028 1936 1126 1987 192,
1148 1937 1202 1976 14

198 2085 251 2124 17
285 2081 340 2124 οὐ
372 2079 655 2137 παθητικόν,
690 2077 789 2124 ἀλλ’
826 2080 1120 2138 ἐνεργητικὸν
1153 2082 1367 2126 ἐνταῦθα
1405 2083 1541 2138 δηλοῖ
1576 2081 1628 2125 τὸ
1662 2082 1776 2138 ἐφυ-

79 2138 373 2198 βριστότερον
401 2140 494 2183 Mm

200 2294 221 2332 1
257 2288 388 2341 ἄξιοσ
415 2289 474 2332 Cr
595 2293 619 2331 2
651 2285 798 2332 ταῦθ’
828 2288 881 2332 Η
939 2289 1170 2345 scriptura.
1194 2289 1243 2333 in
1271 2288 1331 2334 Cr
1354 2289 1534 2333 incerta
1656 2293 1697 2332 3>
1716 2289 1776 2334 εἰ·

78 2355 184 2392 πεῖν
217 2361 291 2391 om
319 2347 484 2392 CrHV
623 2352 648 2391 6
682 2346 832 2401 ὥσπερ
859 2374 913 2380 —-
940 2353 966 2392 8
998 2347 1141 2405 νόμος
1171 2363 1247 2394 om
1272 2351 1317 2394 B
1463 2354 1486 2392 7
1521 2344 1581 2392 αὖ
1614 2362 1689 2392 om
1718 2348 1777 2393 Or

80 2409 140 2451 M
149 2407 216 2451 Va
249 2407 350 2451 Mor
399 2410 404 2464 Ι
455 2406 766 2463 σωφροσύνην
789 2407 845 2450 H
854 2408 968 2453 VVa
1030 2408 1263 2465 scriptura
1294 2409 1343 2451 in
1371 2409 1431 2453 Cr
1461 2409 1642 2452 ineerta.

81 2470 106 2510 8
139 2467 281 2521 νόμος
311 2466 487 2510 inserui
519 2481 573 2510 ex
597 2466 712 2510 HM
722 2467 789 2511 Va
850 2480 926 2511 om
951 2468 995 2512 V
1020 2467 1111 2512 edd
1173 2467 1405 2524 scriptura
1430 2467 1479 2511 in
1507 2467 1566 2512 C'r
1597 2467 1776 2510 incerta

198 2529 223 2568 9
256 2524 432 2575 πόλεως
462 2525 628 2582 scripsi
661 2539 715 2569 ex
742 2527 798 2570 H
803 2527 920 2572 VVa
993 2525 1226 2578 πολιτείας
1251 2529 1363 2572 BM
1390 2526 1480 2570 edd
1543 2527 1776 2583 scriptura

80 2583 138 2628 in·
158 2584 216 2629 Cr
246 2584 425 2628 incerta
548 2590 602 2629 10
635 2583 781 2641 νόμον
815 2587 885 2630 Va
1007 2591 1058 2629 11
1092 2593 1228 2630 τοῦτο
1261 2586 1363 2630 Mor
1404 2591 1410 2640 1
1445 2593 1538 2630 τῶν
1571 2599 1644 2630 om
1671 2587 1716 2630 B

80 2643 162 2687 τὸν
194 2641 340 2699 νόμον
366 2644 468 2688 HV
525 2644 756 2700 scriptura
787 2644 835 2687 in
865 2643 924 2689 Cr
955 2645 1135 2689 incerfia
1265 2650 1318 2689 12
1353 2645 1591 2689 αἰτεῖσθαι
1617 2646 1722 2689 HV

83 2702 311 2759 ἡττῆσθαι
344 2704 414 2747 Va
475 2703 706 2759 scriptura.
736 2703 786 2746 in
814 2704 874 2749 Cr
903 2703 1084 2748 incerta.
1230 2709 1283 2748 13
1317 2702 1522 2761 γίγνεται
1555 2705 1654 2748 VM
1685 2703 1775 2748 edd

140 2761 370 2818 scriptura
386 2761 434 2805 in
447 2762 506 2807 Cr
522 2761 698 2807 incerta
725 2764 731 2817 Ι
759 2763 843 2819 μὲν
863 2764 992 2807 omB
1005 2765 1074 2808 Va
1197 2769 1251 2807 15
1278 2764 1431 2822 εἰς-(2)]
1451 2764 1636 2816 „malim
1659 2763 1775 2817 πρὸς

81 2821 197 2878 le9i“
222 2821 290 2865 Re
318 2823 324 2876 Ι
352 2828 638 2875 κρατοῦντας
662 2822 763 2865 Mor
790 2823 796 2877 Ι
823 2822 1119 2877 προσήκοντα
1144 2823 1246 2866 Mor
1369 2828 1420 2865 17
1453 2820 1776 2880 ὑβριστότερος

81 2880 127 2923 B
138 2880 206 2924 Va
329 2884 383 2924 18
415 2879 503 2938 γὰρ
532 2880 697 2937 scripsi
722 2894 747 2925 e
772 2881 816 2924 B
878 2896 928 2938 γε
955 2883 1007 2926 H
1015 2883 1118 2926 VM
1126 2883 1193 2927 Va
1222 2882 1315 2926 edd
1377 2882 1609 2938 scriptura.
1641 2881 1689 2924 in
1718 2882 1776 2926 Cr

80 2938 262 2982 incerta
1692 2962 1696 2965 »
1761 2969 1765 2973 -

170 3021 367 3054 mems
385 3021 790 3054 ed.Foerster.vn.
1358 3018 1410 3056 13
