2044 3168
206 125 275 178 29
281 127 313 178 2
612 125 839 168 LIBANII
870 125 1259 170 DECLAMATIO
1290 125 1481 170 XXXIX

318 267 363 313 6.
395 265 771 314 Monacensis
818 283 888 329 gr.
925 267 1028 314 113
1065 259 1158 331 (=
1183 260 1290 332 Mo)
1335 281 1457 314 saec.
1490 266 1607 313 XVI
1653 268 1737 314 fol.
1774 268 1893 316 146.

204 339 376 388 Fluxit
400 356 457 387 ex
482 339 812 388 eodem⁴fonte
839 355 935 401 quo
958 340 1027 387 H.
1061 338 1271 388 Scholiis
1296 342 1499 388 ornatus
1525 343 1598 390 est
1623 357 1652 389 a
1674 341 1895 401 librario,

204 415 451 462 correctus
484 413 545 460 ab
578 414 748 462 eodem
781 416 831 461 ct
870 429 1020 461 manu
1060 414 1288 462 secunda.
1351 413 1477 462 Vide
1508 416 1545 462 t.
1570 414 1595 461 Ι
1625 431 1673 476 p.
1699 416 1803 463 413
1824 430 1895 477 sq.

203 487 288 535 ubi
327 489 380 535 in
418 487 561 536 lineis
609 489 676 535 14
702 503 772 550 sq.
814 488 1125 536 scribendum
1165 489 1293 536 erat:
1342 488 1680 551 „Declamatio
1721 486 1894 551 Νόμος

203 553 268 624 ἦν
309 559 425 625 μετὰ
465 568 551 610 τοῦ
591 561 837 627 τυράννου
885 578 943 608 ex
989 578 1045 610 00
1093 562 1340 623 descripta
1385 564 1603 623 primum
1648 564 1701 610 in
1746 563 1894 610 huius

205 635 421 684 editione
460 635 555 683 vol.
580 635 653 683 IV
683 653 730 697 p.
761 636 864 683 798
884 652 954 698 sq.
996 638 1178 697 exstat3
1222 636 1381 683 altera
1425 635 1679 702 Τύραννος
1717 630 1896 704 ᾔτησεν

203 707 252 768 ἐξ
285 706 623 775 ἀστυγείτονος
647 709 801 774 κόρην
827 706 1012 774 ὡραίαν
1034 709 1219 758 ibidem
1242 727 1289 771 p.
1319 712 1420 758 771
1441 726 1512 772 sq.
1538 712 1752 772 repetita
1776 708 1894 758 est.“

204 783 408 832 Reiskia
447 783 666 831 codicem
704 785 756 831 in
795 799 942 831 usum
980 784 1150 832 mariti
1189 785 1276 846 qui
1314 800 1424 831 eum
1456 784 1757 832 Bavaricum
1794 785 1890 846 pri-

203 874 339 905 mum
379 858 689 920 appellatum
727 859 899 906 littera
937 857 979 904 B
1018 859 1281 921 insignivit
1319 874 1448 906 anno
1485 860 1627 907 1770
1667 859 1894 906 contulit.

202 932 314 993 Ipse
348 947 476 980 anno
513 933 652 980 1895
687 931 886 980 contuli.

315 1006 390 1053 Ex
422 1006 591 1054 eodem
625 1021 721 1067 quo
753 1006 834 1054 hic
859 1006 1128 1068 exemplari
1161 1005 1397 1067 descripti
1421 1007 1536 1053 sunt
1560 1006 1657 1054 duo
1684 1005 1895 1054 codices:

319 1082 362 1127 7.
404 1079 766 1128 Mutinensis
808 1079 1052 1128 CLXXXI
1083 1072 1185 1146 (ΠΙ
1215 1080 1254 1126 F
1282 1074 1340 1146 3)
1372 1095 1495 1128 saec.
1529 1080 1620 1127 XV
1652 1080 1735 1128 fol.
1773 1081 1893 1128 107.

204 1153 330 1201 Vide
362 1158 396 1201 t.
422 1153 473 1200 II
504 1170 550 1215 p.
579 1154 647 1201 48
668 1169 737 1216 sq.

207 1231 256 1275 et

317 1304 363 1350 8.
402 1301 727 1350 Vaticanus
769 1301 1211 1350 Ottobonianus
1253 1318 1325 1365 gr.
1352 1303 1419 1350 69
1457 1317 1582 1350 saec.
1611 1296 1895 1367 XVIJXVII

203 1376 287 1423 fol.
318 1377 436 1423 193.
492 1376 619 1423 Vide
651 1379 686 1423 t.
712 1376 738 1423 Ι
769 1393 816 1438 p.
844 1378 948 1423 222
968 1392 1039 1437 sq.
1073 1378 1123 1423 et
1154 1377 1262 1423 414
1281 1391 1352 1438 sq.

318 1451 363 1497 9.
397 1450 740 1498 Marcianus
781 1467 851 1513 gr.
880 1451 984 1498 439
1020 1444 1115 1516 (=
1140 1444 1216 1516 M)
1253 1465 1376 1498 saec.
1410 1444 1653 1514 XHJXIII
1692 1449 1776 1497 fol.
1812 1451 1895 1497 98.

206 1522 466 1572 Correctus
500 1526 574 1571 est
606 1539 635 1571 a
666 1524 870 1572 librario
896 1517 990 1590 (m)
1016 1527 1066 1572 et
1088 1523 1392 1572 rubricatore
1418 1516 1602 1590 (rubr),
1634 1523 1720 1585 qui
1744 1525 1896 1571 etiam

205 1599 394 1646 scholia
424 1598 639 1662 margini
672 1598 1053 1660 adscripserunt,
1087 1600 1136 1645 et
1167 1614 1320 1645 manu
1344 1598 1530 1645 recenti
1558 1613 1604 1659 y.
1638 1597 1826 1644 Videt.
1849 1598 1896 1644 V

204 1688 251 1734 p.
282 1673 384 1719 168
405 1688 475 1733 sq.
533 1671 747 1720 Contuli.

319 1748 401 1795 10.
433 1746 814 1794 Matritensis
847 1747 1007 1806 4679,
1039 1746 1159 1793 olim
1182 1746 1337 1793 N-49
1366 1739 1459 1810 (Ξ
1486 1738 1591 1811 Μ3)
1622 1760 1745 1793 saec.
1778 1745 1896 1792 XIV

204 1819 287 1867 fol.
317 1822 397 1867 14.
449 1819 707 1868 Correctus
740 1823 816 1868 est
838 1836 989 1867 manu
1013 1820 1228 1867 secunda
1260 1822 1309 1867 et
1339 1820 1490 1867 tertia
1519 1835 1647 1881 quae
1679 1819 1895 1867 codicem

186 1888 272 1941 'M
297 1893 537 1942 adhibuit.
593 1894 719 1942 Vide
760 1910 910 1957 supra
947 1912 994 1956 p.
1023 1895 1126 1942 261
1163 1897 1211 1942 et
1242 1897 1277 1941 t.
1311 1893 1334 1941 I
1363 1910 1411 1955 p.
1439 1895 1543 1941 362
1564 1908 1633 1955 sq.
1675 1895 1725 1940 et
1763 1895 1798 1941 t.
1823 1893 1896 1939 IV

203 1984 250 2029 p.
280 1969 398 2016 130.
464 1966 676 2036 Contuli.

319 2045 400 2089 11.
433 2042 801 2090 Bodleianus
826 2041 1248 2090 Miscellaneus
1276 2042 1379 2090 208
1408 2042 1526 2088 olim
1552 2039 1895 2088 Claromon-

205 2118 378 2163 tanus
412 2109 507 2182 (=
536 2110 615 2181 Cl)
650 2131 773 2164 saec.
800 2115 916 2163 XIV
947 2116 1032 2164 fol.
1062 2117 1168 2164 79'.
1235 2115 1491 2164 Correctus
1527 2117 1603 2162 est
1640 2130 1792 2162 manu
1823 2130 1895 2162 se-

206 2189 364 2236 cunda
413 2193 461 2236 et
507 2190 670 2237 tertia.
733 2190 861 2238 Vide
907 2205 1057 2252 supra
1103 2206 1150 2251 p.
1187 2191 1308 2237 261.
1373 2188 1596 2237 Contulit
1637 2205 1800 2236 meum
1844 2189 1896 2236 in

205 2277 349 2310 usum
383 2263 468 2310 Th.
504 2264 776 2311 Thalheim.

324 2339 406 2384 12.
439 2337 672 2385 Athous
713 2337 941 2384 Laurae
975 2338 1022 2385 S.
1054 2337 1377 2385 Athanasii
1408 2337 1461 2384 Ω
1490 2338 1592 2384 123
1627 2351 1750 2384 saec.
1775 2335 1896 2383 XIII

205 2411 289 2458 fol.
321 2412 440 2458 170.
495 2410 621 2458 Vide
653 2414 688 2458 t.
714 2411 738 2458 Ι
768 2428 815 2472 p.
845 2412 948 2460 323
969 2426 1038 2474 sq.

322 2485 364 2531 E
398 2486 649 2532 communi
679 2484 815 2532 fonte
844 2485 1093 2532 fluxerunt
1123 2489 1224 2532 tres
1257 2484 1467 2532 codices:

328 2559 410 2607 13.
443 2557 763 2606 Parisinus
795 2576 865 2621 gr.
895 2560 1036 2606 3018
1071 2574 1193 2606 saec.
1218 2558 1309 2604 XV
1340 2559 1423 2605 fol.
1461 2558 1603 2605 184'.
1635 2556 1760 2605 Vide
1792 2560 1827 2604 t.
1851 2557 1897 2604 V

208 2648 255 2693 p.
284 2633 386 2679 173
406 2647 476 2693 sq.

327 2706 407 2752 14.
440 2705 755 2753 Parisinus
802 2723 873 2769 gr.
907 2708 1047 2754 3015
1098 2721 1221 2754 saec.
1253 2705 1371 2752 XIV
1416 2706 1499 2752 fol.
1540 2707 1632 2753 73v
1679 2707 1727 2752 et
1776 2707 1894 2752 120.

208 2777 335 2826 Vide
365 2783 398 2826 t.
424 2779 471 2824 V
501 2796 548 2840 p.
578 2780 680 2827 175
701 2794 771 2840 sq.

325 2855 405 2901 15.
439 2853 888 2900 Laurentianus
924 2852 1065 2900 LVII
1092 2854 1158 2900 23
1193 2868 1316 2901 saec.
1342 2852 1460 2899 XIV
1491 2853 1574 2900 fol.
1603 2853 1722 2899 152.
1769 2851 1894 2898 Vide

208 2927 243 2971 t.
270 2926 313 2970 V
346 2943 389 2987 p.
421 2928 522 2974 176
544 2942 612 2988 sq.
