2020 3146
225 135 326 188 20-
658 134 887 178 LIBANII
916 133 1307 179 DEGLAMATIO
1340 134 1489 179 XXXI

221 275 369 343 λιμῷ
408 274 863 340 ταλαιπωροῦντι.
905 271 998 323 διὰ
1036 277 1208 323 ταῦτα
1246 274 1441 323 τοίνυν
1475 270 1796 341 ἠδημόνουν
1825 270 1917 325 καὶ

219 362 450 413 ,ἔστενον
489 359 591 412 οὐκ
631 360 709 412 ὢν
749 353 826 421 εἷς
865 359 956 412 καὶ
994 359 1161 421 αὐτὸς
1208 359 1435 412 ἐκείνων
1480 358 1572 413 καὶ
1618 360 1714 414 τὸν
1753 359 1918 428 ἐμαυ-

214 455 326 501 τοῦ
367 450 603 515 δαίμονα
636 447 884 512 ἐκάκιζον
925 449 997 510 ὡς
1037 446 1295 519 ῥᾴθυμον
1333 450 1664 518 προστάτην,
1715 451 1763 502 εἰ
1800 458 1917 512 τοῖς

226 535 327 606 μὲν
366 539 552 599 ἄλλοις
591 537 809 600 ἀπόνως
856 537 1170 605 ἀφικνεῖται
1216 537 1458 606 τάγαθά,
1506 538 1535 591 ὁ
1575 535 1637 591 δὲ
1685 543 1919 608 περιορᾷ

173 649 203 683 ,5
228 645 292 694 με
354 627 623 694 γλίσχρως
684 625 771 679 καὶ
835 628 992 693 μόλις
1051 624 1142 679 καὶ
1203 628 1559 695 ταλαιπώρως
1625 627 1916 697 ἀγείροντα

226 718 471 783 χρυσίον.
515 715 602 767 21.
636 713 821 783 λαβὼν
854 716 920 783 δὴ
955 716 1263 782 λιβανωτὸν
1294 714 1384 768 καὶ
1418 717 1727 784 στεφάνους
1759 715 1918 769 αὐτο-

220 812 389 871 φυῶν
443 803 664 856 ἀνθέων
717 799 899 872 ἦλθον
953 806 1031 866 εἰς
1081 805 1221 866 Διὸς
1275 807 1523 873 Κτησίου
1576 805 1666 858 καὶ
1713 804 1917 875 Ἑρμοῦ

218 890 495 964 Κερδῴου
534 893 625 945 καὶ
663 893 1015 962 θεραπεύσας
1063 885 1144 955 οἷς
1192 890 1359 962 ἔφην,
1408 894 1475 946 οὐ
1522 895 1627 963 γὰρ
1669 895 1736 962 δὴ
1775 896 1918 962 βοῦν

217 1000 288 1048 ’γε
329 978 461 1034 οὐδὲ
499 982 657 1049 κριὸν
697 981 829 1035 οὐδὲ
877 982 1091 1049 κάπρον
1137 983 1316 1035 ἔθυσα
1362 980 1494 1035 οὐδὲ
1539 984 1776 1053 χρυσίδα
1824 981 1917 1035 ἀν-

157 1094 204 1127 10
230 1068 403 1138 έθηκα
449 1069 636 1140 φέρων
682 1070 909 1134 ἀνάξιον
955 1072 1192 1140 νομίζων
1237 1081 1349 1124 τῶν
1394 1077 1547 1124 θεῶν
1591 1072 1919 1140 τηλικαύτης

227 1159 433 1227 βλάβης
480 1161 691 1222 αἰτίους
744 1161 1122 1213 καθίστασθαι
1176 1170 1291 1222 τοῖς
1344 1160 1666 1229 ἀνθρώποις
1718 1162 1809 1213 καὶ
1834 1159 1919 1212 -ἐν

224 1254 383 1316 τιμῆς
433 1249 662 1317 σχήματι
711 1258 966 1317 φανερῶς
1016 1249 1318 1318 λαμβάνειν
1357 1249 1390 1302 ἃ
1428 1258 1544 1312 τοῖς
1589 1248 1919 1302 κλέπτουσιν

226 1335 559 1406 ὀργιζόμεθα
591 1335 682 1390 καὶ
713 1337 775 1390 τὸ
807 1348 919 1390 πᾶν
944 1338 1201 1400 διδόντας
1232 1346 1502 1391 τοσοῦτον
1535 1341 1709 1407 ζητεῖν
1740 1337 1917 1407 με’ρος.

347 1488 369 1525 1
405 1482 523 1526 Plat.
557 1483 746 1527 Theaet.
780 1499 824 1539 p.
853 1487 937 1526 175
955 1483 1017 1536 D3
1050 1483 1246 1528 Phaedr.
1270 1499 1315 1540 p.
1342 1487 1426 1527 251
1444 1483 1498 1527 D.
1532 1483 1662 1527 Dem.
1687 1499 1731 1540 p.
1750 1487 1918 1538 402‚24

346 1546 372 1584 5
411 1542 530 1587 Plat.
563 1556 659 1599 rep.
686 1542 790 1586 VIII
821 1557 864 1598 p.
892 1546 979 1586 553
999 1542 1032 1587 C
1179 1547 1202 1586 7
1245 1543 1367 1587 Men.
1401 1546 1601 1599 Ψευδηρ.
1628 1543 1691 1586 IV
1716 1548 1851 1598 2233
1871 1542 1919 1585 M

217 1601 307 1656 <m
325 1601 778 1704 1Ξ1ι29,15119ωΚὲ.4Ι)θ.Πι.
797 1617 843 1659 p.
862 1606 1030 1657 531,28
1058 1605 1064 1658 Ι
1091 1602 1199 1646 Luc.
1219 1602 1336 1646 Tim.
1354 1607 1379 1656 ξ
1397 1606 1468 1647 41.
1500 1601 1707 1658 Alciphr.
1725 1601 1789 1645 111
1804 1607 1875 1655 47,
1892 1607 1915 1645 1

214 1781 535 1834 ,λαιπωροῦντι
566 1779 833 1836 praemissis
866 1779 1015 1823 verbis
1050 1778 1239 1836 εύρηται
1263 1781 1318 1824 οὐ
1344 1778 1488 1836 μόνον
1517 1781 1603 1838 ἐγὼ
1627 1782 1916 1834 ταλαιπωρῶ,

226 1837 341 1882 ἀλλὰ
365 1838 444 1882 καὶ
475 1839 557 1883 τὸν
583 1840 717 1883 δεῖνα
739 1841 1028 1894 ταλαιπωρῶ.
1060 1839 1284 1912 Λιβάνιος
1315 1841 1364 1883 ἐν
1389 1838 1547 1896 μελέτῃ
1571 1845 1625 1897 τῇ
1651 1837 1813 1895 Νόμος
1834 1836 1917 1883 τὸν

215 1895 424 1952 ,εὑρόντα
455 1898 701 1954 θησαυρὸν
724 1897 873 1956 χιλίας
894 1905 950 1956 τῇ
975 1897 1106 1942 πόλει
1131 1896 1319 1943 διδόναι
1343 1898 1552 1956 δραχμάς
1575 1899 1692 1942 citat
1715 1898 1917 1942 Thomas

225 1956 338 2013 Mag
369 1971 403 2001 s.
428 1972 467 2000 v,
499 1959 775 2012 ταλαιπωρῶ
806 1973 852 2014 p.
880 1962 978 2013 364,
999 1957 1113 2000 12R

348 2021 370 2059 1
406 2019 634 2061 διαταῦτα
659 2018 705 2061 Β
842 2022 867 2059 2
901 2014 1092 2061 ἐκείνων
1117 2017 1161 2060 L
1193 2017 1276 2060 sed
1308 2014 1446 2061 είνων
1477 2016 1526 2059 in
1558 2029 1632 2059 ras
1663 2015 1734 2058 m²
1783 2018 1789 2071 Ι
1838 2015 1918 2060 καὶ

215 2075 308 2119 -τὸν
339 2077 539 2131 ἐμαυτοῦ
573 2074 775 2150 δαίμονα
808 2090 882 2120 om
908 2077 982 2120 La
1015 2076 1095 2119 sed
1127 2077 1209 2120 τὸν
1240 2075 1324 2132 μὲν
1356 2073 1440 2120 οὖν
1472 2073 1674 2131 δαίμονα
1705 2075 1753 2117 in
1785 2088 1919 2132 marg

226 2135 313 2178 sin.
347 2136 395 2178 et
423 2134 509 2190 τὴν
540 2150 625 2190 μεν
657 2131 742 2179 οὖν
773 2135 887 2192 ἐμὴν
919 2135 1064 2194 τύχην
1095 2135 1146 2178 in
1176 2149 1309 2193 marg
1341 2135 1451 2178 dext
1475 2149 1513 2191 Ρ
1641 2138 1665 2176 3
1699 2131 1918 2190 ῥάθυμον

227 2192 337 2235 libri
368 2195 468 2250 (sed
499 2194 548 2237 in
579 2194 654 2238 lac
686 2199 712 2236 4
744 2194 823 2238 litt
854 2209 928 2238 om
956 2195 1025 2251 ΟΖ)
1058 2194 1150 2237 edd
1198 2196 1205 2250 Ι
1254 2193 1508 2250 προστάτιν
1532 2195 1607 2238 La
1639 2193 1721 2237 sed
1754 2210 1770 2235 ι
1802 2206 1857 2236 ex
1887 2210 1917 2250 η

228 2266 331 2295 corr
450 2257 477 2295 4
510 2251 698 2304 ἀπόνως
729 2268 803 2297 om
835 2254 905 2298 Va
932 2257 938 2308 Ι
965 2253 1023 2296 τὰ
1055 2253 1220 2309 ἀγαθά
1244 2255 1291 2298 Β
1321 2253 1423 2297 Mor
1453 2253 1520 2297 Re
1581 2252 1795 2308 τάγαθὸν
1822 2252 1874 2296 Ol
1907 2251 1914 2311 Ι

227 2311 256 2367 ἡ
283 2312 358 2355 La
389 2312 470 2355 sed
503 2326 558 2355 ex
590 2311 614 2356 ὁ
641 2326 742 2357 corr
758 2328 795 2387 Ρ
916 2317 941 2355 5
975 2311 1213 2369 ἐγείροντα
1240 2313 1292 2358 GZ
1351 2310 1585 2369 ἀγείροντι
1601 2313 1674 2356 Ρα
1699 2311 1799 2354 Mor

229 2374 255 2412 6
288 2371 441 2428 λαβὼν
465 2397 521 2403 ——
548 2376 601 2415 13
635 2371 913 2429 ὀργιζόμεθα
952 2371 1208 2428 praemisso
1246 2370 1385 2415 titulo
1424 2369 1565 2427 νόμος
1601 2370 1682 2414 τὸν
1722 2367 1917 2438 εὑρόντα

219 2430 474 2485 ,θησαυρὸν
506 2457 561 2462 -—
595 2431 721 2483 ἀξιοῖ
750 2432 867 2474 citat
898 2430 1131 2475 planudes
1162 2430 1355 2506 florileg.
1389 2429 1469 2474 fol.
1495 2434 1549 2473 99
1579 2431 1584 2485 Ι
1612 2429 1672 2485 δὴ
1703 2428 1868 2485 scripsi
1893 2443 1916 2472 e

229 2489 305 2531 La
329 2502 433 2531 cum
459 2488 639 2532 Sinteni
701 2492 752 2534 δὲ
778 2491 1000 2535 LPaOlB
1034 2490 1125 2534 edd
1187 2486 1272 2533 οὖν
1298 2491 1369 2534 Va
1429 2503 1505 2533 om
1519 2489 1637 2532 Plan
1757 2492 1783 2530 8
1815 2504 1917 2543 κερ-

229 2548 352 2591 ὃώου
378 2548 451 2591 La
464 2549 531 2592 Va
563 2547 678 2590 Plan
710 2549 821 2593 Ferr
862 2550 867 2607 Ι
911 2550 1071 2593 καὶ-
1097 2548 1217 2605 ἔφην
1249 2563 1323 2592 om
1355 2548 1513 2604 Plan}
1508 2549 1672 2606 Ιβοῦν
1702 2547 1803 2590 Mor
1835 2547 1917 2591 sed

225 2623 283 2663 γρ
316 2607 433 2680 βοῦς
458 2606 507 2648 in
538 2619 672 2673 marg
732 2610 847 2666 βοῦσ
872 2610 927 2692 L²
977 2609 1100 2665 βοῶν
1124 2610 1198 2652 Ρα
1341 2613 1366 2650 9
1399 2603 1594 2664 χρυσίὃα
1620 2607 1663 2649 L
1695 2606 1777 2650 sed
1807 2623 1916 2664 χρυ-

227 2671 341 2709 σοῦν
373 2663 570 2719 πότερον
609 2665 658 2707 in
693 2680 828 2723 marg
858 2667 927 2710 m²
1002 2666 1171 2724 χρυσὸν
1204 2668 1274 2711 Va
1304 2666 1421 2710 Plan
1496 2663 1686 2724 χρυσίον
1711 2667 1784 2710 Ρα
1815 2665 1917 2709 Mor

350 2728 404 2767 10
437 2724 543 2774 τοὺς
573 2726 718 2776 θεοὺς
742 2727 817 2769 La
851 2726 931 2769 sed
963 2725 1043 2776 οὺς
1065 2726 1351 2781 uin-umque
1338 2740 1387 2769 m
1410 2739 1484 2768 ras
1517 2739 1573 2768 ex
1604 2732 1668 2768 ῶν
1702 2737 1804 2767 corr
1826 2739 1860 2769 ’νι

227 2827 310 2870 τὸν
333 2826 452 2871 θεὸν
472 2827 524 2871 Ol
582 2828 664 2872 τὸν
679 2831 807 2873 θεῶν
825 2829 869 2871 L
991 2832 1044 2871 11
1082 2825 1241 2881 ἀξίους
1271 2828 1323 2871 Ol
1371 2831 1377 2884 Ι
1427 2829 1699 2884 ἀνθρώποις
1729 2827 1808 2871 καὶ
1840 2841 1916 2871 om

229 2885 345 2928 Plan
469 2890 520 2928 12
547 2895 763 2942 φανερῶς
785 2885 1056 2944 λαμβάνειν]
1082 2886 1270 2930 διδόναι
1289 2891 1422 2939 θεοῖς
1444 2886 1561 2930 Plan
1683 2891 1737 2930 13
1770 2883 1916 2941 ὁριζό-

229 2947 356 3000 μεθα
381 2946 456 2988 La
487 2944 602 2988 Plan
628 2947 634 3001 Ι
662 2946 714 2990 τὸ
744 2946 909 2990 τούτου
935 2945 1192 2990 LGlLaVa
1223 2945 1333 2989 Ferr
