2044 3168
295 93 398 146 188
720 71 947 138 LIBA'NII
977 93 1367 139 DECLAMATIO
1399 93 1570 138 xxxv

291 230 595 298 δημοτικός.
643 229 795 298 ἄγων
834 228 900 283 δέ
935 249 1001 299 με
1042 228 1129 283 ἐπὶ
1169 232 1271 297 τὴν
1311 230 1483 299 αὐτὴν
1530 228 1663 282 ὁδὸν
1703 231 1852 296 ἔλεγε
1890 226 1981 281 καὶ

288 316 520 390 παρῄνει
559 319 823 382 πολλάκις
860 320 994 386 μήτε
1032 327 1138 388 γῆν
1169 322 1300 387 μήτε
1333 319 1649 387 βοσκήματα
1678 319 1811 386 μήτε
1848 336 1982 370 ναυ-

288 408 543 475 κληρίαν,
598 408 669 475 μὴ
718 408 951 476 χρυσόν,
1006 409 1076 476 μὴ
1129 408 1400 477 ἄργυρον,
1452 409 1523 475 μὴ
1570 407 1670 459 τὸν
1715 403 1983 473 βασιλέως

288 499 533 549 πλοῦτον
570 498 730 564 μείζω
770 496 902 549 ποτὲ
949 497 1173 566 νομίσαι
1219 503 1313 564 τῆς
1361 495 1465 548 άπὸ
1513 503 1612 548 τοῦ
1659 495 1758 548 τὸν
1804 495 1981 563 δῆμον

244 606 263 638 5
289 584 507 653 ἀγαπᾶν
559 604 618 637 τε
670 585 761 638 καὶ
822 588 1009 654 φιλεῖν
1071 585 1331 647 εὐκλείας.
1394 592 1557 638 τοῦτο
1622 584 1682 637 δὲ
1743 581 1982 653 ἔφασκεν

288 670 516 726 ἔσεσθαι
556 677 760 741 καλῶς,
808 676 859 726 εἰ
902 684 1018 737 τοῖς
1066 674 1367 745 εὐποροῦσι
1412 673 1503 727 καὶ
1549 675 1651 742 τὴν
1693 674 1982 742 ἰσηγορίαν

291 762 356 815 οὐ
414 761 649 831 φέρουσι
703 764 1073 832 προσκρούειν
1126 760 1265 833 ὑπὲρ
1312 772 1679 816 τῶνκοινῶν
1733 760 1981 831 ἐθέλοιμι

288 855 500 920 μᾶλλον
531 852 564 921 ἢ
588 848 699 921 μετ’
734 852 958 906 ἐκείνων
988 862 1319 921 κακουργεῖν
1351 853 1452 920 τὴν
1481 853 1779 905 πολιτείαν.
1819 851 1866 903 8.
1900 870 1982 919 γε-

288 941 520 1006 νόμενος
559 942 626 1010 δὴ
665 942 923 1009 τοιαύτης
960 943 1302 1011 κληρονόμος
1341 940 1538 1005 τάξεως
1571 939 1877 1010 ἐπειρώμην
1908 940 1980 1008 μὴ

223 1051 265 1083 10
289 1029 489 1099 χείρων
527 1037 622 1097 τῆς
661 1030 911 1092 παιδειάς
949 1029 1019 1098 ἣν
1059 1029 1401 1098 ἐπαιδεύθην
1442 1031 1744 1099 φαίνεσθαι
1788 1026 1878 1081 καὶ
1916 1029 1983 1081 τὰ

286 1118 389 1185 μὲν
435 1119 570 1171 ὄντα
615 1138 708 1187 μοι
755 1120 821 1171 τὰ
866 1120 1033 1188 μικρὰ
1078 1118 1265 1188 μένειν
1313 1125 1442 1172 εἴων
1482 1118 1542 1172 ἐν
1592 1111 1739 1190 ᾧπερ
1782 1114 1850 1186 ἧν
1889 1115 1979 1170 καὶ

286 1206 640 1261 οὐδεπώποτε
679 1208 1103 1278 κατεμεμψάμην
1141 1209 1243 1277 τὴν
1281 1210 1503 1277 πενίαν,
1550 1217 1662 1260 τῶν
1715 1204 1776 1260 δὲ
1814 1210 1982 1260 πλου-

232 1344 234 1346 .
288 1300 425 1350 σίων
475 1299 605 1359 τοὺς
660 1294 762 1366 μὲν
817 1296 878 1350 ἐν
934 1299 1270 1368 δημοκρατίᾳ
1326 1297 1670 1365 δυναμένους
1721 1301 1983 1350 πλουτεῖν

290 1384 532 1456 ἐπῄνουν
578 1384 668 1439 καὶ
716 1388 959 1449 πολλοὺς
1006 1385 1075 1439 ἂν
1114 1387 1298 1440 αὐτῶν
1353 1386 1658 1456 ἀριθμῆσαι
1707 1387 1983 1453 δυναίμην

221 1496 262 1528 15
290 1473 527 1542 ἐμαυτοῦ
569 1476 794 1544 φίλους,
845 1476 945 1529 τὸν
986 1472 1046 1528 δὲ
1087 1477 1394 1545 ἄνθρωπον
1432 1483 1635 1528 τοῦτον
1672 1475 1770 1528 τὸν
1808 1476 1983 1541 μόνον

287 1560 483 1632 ἔχοντα
516 1573 671 1617 σῖτον
703 1566 1040 1634 αἰσθόμενος
1070 1568 1357 1634 κρείττονα
1391 1558 1525 1617 εἶναι
1563 1574 1675 1617 τῶν
1706 1564 1983 1616 καθεστώ-

286 1671 397 1705 των
451 1655 794 1721 βουλόμενον
839 1654 1120 1723 ἠχθόμην,
1176 1653 1442 1723 ὁμολογῶ.
1505 1653 1553 1706 9.
1593 1655 1707 1721 καί,
1761 1653 1829 1721 νὴ
1870 1653 1981 1705 Δία

288 1761 375 1809 γε,
432 1740 755 1811 ἐφοβούμην
810 1745 880 1811 μὴ
937 1744 1035 1796 τὸν
1090 1744 1269 1812 δῆμον
1314 1750 1413 1796 τοῦ
1461 1751 1681 1811 κρατεῖν
1736 1741 1981 1810 ἐκβαλὼν

289 1829 452 1893 αὐτὸς
490 1830 622 1899 ἡμῖν
663 1828 779 1883 ἀντ’
827 1831 1042 1885 ἐκείνου
1083 1831 1320 1900 γένηται.
1359 1830 1451 1884 καὶ
1491 1829 1774 1884 διετέλουν
1813 1847 1981 1899 παρα-

224 1941 266 1972 20
292 1929 475 1989 τηρῶν
528 1922 584 1973 τί
634 1921 882 1990 πράττει,
944 1923 1000 1974 τί
1050 1920 1258 1990 μέλλει,
1320 1924 1377 1974 τί
1426 1921 1595 1988 λέγει,
1656 1921 1711 1972 τί
1763 1919 1981 1988 γράφει,

199 2012 319 2056 RIV
337 2017 422 2056 230
470 2008 840 2078 προσπέμπων
870 2029 927 2062 τε
959 2010 1107 2082 αὐτῷ
1139 2019 1250 2062 τῶν
1282 2008 1605 2078 ἐπιτηδείων
1639 2008 1645 2075 Ι
1679 2010 1833 2071 τινὰς
1870 2006 1981 2061 ἐκέ-

289 2100 454 2150 λευον
517 2108 846 2168 σωφρονεῖν.
909 2098 937 2151 ὁ
994 2082 1053 2151 δὲ
1108 2099 1403 2167 ἠγανάκτει
1457 2096 1546 2151 καὶ
1607 2093 1981 2166 μισθούμενος

288 2187 418 2248 τοὺς
479 2196 659 2249 κακῶς
712 2207 778 2254 με
839 2190 1172 2256 ποιήσοντας
1234 2189 1548 2256 εἰσήγγελλε
1603 2184 1673 2238 δι’
1736 2184 1980 2253 ἐκείνων,

407 2380 432 2418 6
467 2374 638 2426 ἱκανῶς
670 2377 773 2420 coni
806 2377 873 2420 Re
924 2378 929 2434 Ι
979 2395 1032 2433 γρ
1066 2377 1151 2433 τὴν
1182 2385 1273 2423 τῶν
1305 2376 1461 2433 νόμων
1493 2373 1734 2433 ἰσηγορίαν
1766 2375 1815 2418 in
1847 2389 1981 2433 marg

288 2434 388 2478 Mor
426 2448 694 2491 perperam,
733 2438 787 2478 ut
825 2436 1029 2490 videtur,
1070 2451 1093 2480 e
1132 2444 1224 2480 τῶν
1263 2435 1418 2493 νόμων
1457 2436 1486 2479 1.
1515 2440 1538 2478 7
1579 2435 1639 2478 ad
1678 2442 1768 2479 τῶν
1808 2442 1979 2479 κοινῶν

289 2494 524 2550 adscripto
648 2500 670 2537 7
705 2495 819 2549 ὑπὲρ
852 2503 943 2539 τῶν
975 2503 1145 2539 κοινῶν
1179 2510 1251 2539 om
1284 2495 1386 2539 Mor
1435 2500 1440 2550 ι
1490 2493 1645 2550 νόμων
1674 2495 1860 2539 BMVa

1111 2558 1208 2611 θην

289 2616 314 2655 9
349 2611 400 2656 δὲ
423 2613 537 2656 ΒΜ
562 2612 664 2656 Mor
699 2661 701 2663 ,
802 2616 855 2657 10
889 2611 1202 2670 ἐπαιδευόμην
1236 2615 1303 2658 Va
1434 2617 1487 2656 12
1522 2612 1630 2656 οὐδὲ
1661 2613 1846 2656 πώποτε
1879 2613 1983 2656 VM

298 2672 366 2715 Va
442 2671 551 2715 οὐδὲ
593 2678 778 2717 πῶποτε
803 2672 857 2714 Η
1000 2677 1053 2715 16
1097 2671 1381 2728 αἰσθόμενος
1419 2671 1583 2727 scripsi
1616 2685 1640 2715 e
1667 2672 1906 2716 GrHBVa

288 2729 634 2786 αἰσθανόμενος
664 2731 763 2775 VM
795 2730 886 2774 edd
1010 2736 1062 2774 18
1097 2732 1302 2789 ἐκβαλὼν
1332 2737 1413 2775 τοῦ
1446 2737 1634 2785 κρατεῖν
1659 2731 1845 2775 BMVa
1876 2729 1977 2772 Mor

409 2794 462 2832 19
499 2791 645 2844 „circa
677 2787 864 2846 γένηται
897 2791 1040 2834 deesse
1071 2792 1249 2835 videtur
1273 2789 1521 2845 δεσπότης“
1551 2789 1617 2832 Re
1651 2789 1724 2832 cui
1755 2792 1879 2833 recte
1902 2789 1975 2842 Ia,-

289 2847 472 2892 oobsius
505 2848 617 2892 Lech
648 2852 696 2892 eb
727 2848 882 2892 Gasda
914 2849 1120 2893 oblocuti
1153 2851 1262 2892 sunt
1401 2853 1456 2892 20
1489 2847 1634 2904 μέλλει
1668 2849 1735 2892 Va
1768 2848 1848 2890 sed
1879 2849 1974 2906 2(2)

288 2919 389 2949 eras
450 2905 571 2963 μέλει
599 2909 660 2951 M
687 2907 754 2952 Re
876 2912 930 2953 23
965 2908 1360 2964 μεταποιήσοντας
1383 2909 1428 2951 Β
1612 2946 1618 2947 ⁷
