<?xml version="1.0" encoding="UTF-8"?>
<!DOCTYPE html PUBLIC "-//W3C//DTD XHTML 1.0 Transitional//EN"
    "http://www.w3.org/TR/xhtml1/DTD/xhtml1-transitional.dtd">
<html xmlns="http://www.w3.org/1999/xhtml" xml:lang="en" lang="en">
 <head>
  <title>
</title>
<meta http-equiv="Content-Type" content="text/html;charset=utf-8" />
  <meta name='ocr-system' content='tesseract 3.04.00' />
  <meta name='ocr-capabilities' content='ocr_page ocr_carea ocr_par ocr_line ocrx_word'/>
</head>
<body>
  <div class='ocr_page' id='page_1' title='image "./operarecensuitri07libauoft_0020.png"; bbox 0 0 1986 3158; ppageno 0'>
   <div class='ocr_carea' id='block_1_1' title="bbox 928 600 1121 653">
    <p class='ocr_par' dir='ltr' id='par_1_1' title="bbox 928 600 1121 653">
     <span class='ocr_line' id='line_1_1' title="bbox 928 600 1121 653; baseline 0.005 -1"><span class='ocrx_word' id='word_1_1' title='bbox 928 600 1121 653; x_wconf 91' lang='lat' dir='ltr'>XXXI.</span> 
     </span>
    </p>
   </div>
   <div class='ocr_carea' id='block_1_2' title="bbox 171 721 1864 1823">
    <p class='ocr_par' dir='ltr' id='par_1_2' title="bbox 171 721 1864 1438">
     <span class='ocr_line' id='line_1_2' title="bbox 287 721 1864 789; baseline 0.002 -17"><span class='ocrx_word' id='word_1_2' title='bbox 287 724 595 773; x_wconf 74' lang='lat' dir='ltr'>Declamatio</span> <span class='ocrx_word' id='word_1_3' title='bbox 628 724 867 785; x_wconf 87' lang='lat' dir='ltr'>inscripta</span> <span class='ocrx_word' id='word_1_4' title='bbox 900 722 985 771; x_wconf 90' lang='grc' dir='ltr'>Νό</span> <span class='ocrx_word' id='word_1_5' title='bbox 997 741 1066 786; x_wconf 88' lang='grc' dir='ltr'>μο</span> <span class='ocrx_word' id='word_1_6' title='bbox 1079 742 1102 781; x_wconf 83' lang='grc' dir='ltr'><strong><em>ς</em></strong></span> <span class='ocrx_word' id='word_1_7' title='bbox 1134 722 1234 772; x_wconf 84' lang='grc' dir='ltr'>τὸν</span> <span class='ocrx_word' id='word_1_8' title='bbox 1266 721 1365 789; x_wconf 83' lang='grc' dir='ltr'>εὑρ</span> <span class='ocrx_word' id='word_1_9' title='bbox 1377 722 1516 772; x_wconf 84' lang='grc' dir='ltr'><strong><em>όντα</em></strong></span> <span class='ocrx_word' id='word_1_10' title='bbox 1551 723 1864 789; x_wconf 80' lang='grc' dir='ltr'><strong><em>θησαυρὸν</em></strong></span> 
     </span>
     <span class='ocr_line' id='line_1_3' title="bbox 174 796 1861 867; baseline 0.001 -22"><span class='ocrx_word' id='word_1_11' title='bbox 174 804 241 867; x_wconf 75' lang='grc' dir='ltr'>τῇ</span> <span class='ocrx_word' id='word_1_12' title='bbox 281 797 448 847; x_wconf 86' lang='grc' dir='ltr'><em>πόλει</em></span> <span class='ocrx_word' id='word_1_13' title='bbox 487 797 724 847; x_wconf 79' lang='grc' dir='ltr'><em>διδόναι</em></span> <span class='ocrx_word' id='word_1_14' title='bbox 762 797 966 862; x_wconf 83' lang='grc' dir='ltr'><em>χιλίας.</em></span> <span class='ocrx_word' id='word_1_15' title='bbox 1016 796 1382 863; x_wconf 79' lang='grc' dir='ltr'><em>φιλάργυρος</em></span> <span class='ocrx_word' id='word_1_16' title='bbox 1413 796 1598 863; x_wconf 82' lang='grc' dir='ltr'><strong><em>εὑρὼν</em></strong></span> <span class='ocrx_word' id='word_1_17' title='bbox 1629 802 1861 862; x_wconf 80' lang='grc' dir='ltr'><strong><em>θησαυ-</em></strong></span> 
     </span>
     <span class='ocr_line' id='line_1_4' title="bbox 176 869 1863 937; baseline 0 -16"><span class='ocrx_word' id='word_1_18' title='bbox 176 870 304 935; x_wconf 78' lang='grc' dir='ltr'>ρόν,</span> <span class='ocrx_word' id='word_1_19' title='bbox 350 872 744 929; x_wconf 81' lang='grc' dir='ltr'><strong><em>πεντακοσίας</em></strong></span> <span class='ocrx_word' id='word_1_20' title='bbox 791 870 1076 936; x_wconf 76' lang='grc' dir='ltr'><em>δραχμάς,</em></span> <span class='ocrx_word' id='word_1_21' title='bbox 1122 869 1219 919; x_wconf 86' lang='grc' dir='ltr'>καὶ</span> <span class='ocrx_word' id='word_1_22' title='bbox 1265 869 1484 936; x_wconf 79' lang='grc' dir='ltr'><em>ἀπαιτη</em></span> <span class='ocrx_word' id='word_1_23' title='bbox 1497 871 1625 931; x_wconf 84' lang='grc' dir='ltr'><em>θεὶς</em></span> <span class='ocrx_word' id='word_1_24' title='bbox 1671 873 1863 937; x_wconf 82' lang='grc' dir='ltr'><em>χιλίας</em></span> 
     </span>
     <span class='ocr_line' id='line_1_5' title="bbox 175 944 1860 1007; baseline 0.001 -13"><span class='ocrx_word' id='word_1_25' title='bbox 175 944 251 994; x_wconf 85' lang='grc' dir='ltr'>ἀπ</span> <span class='ocrx_word' id='word_1_26' title='bbox 260 964 285 995; x_wconf 95' lang='grc' dir='ltr'>ο</span> <span class='ocrx_word' id='word_1_27' title='bbox 296 950 336 994; x_wconf 82' lang='grc' dir='ltr'><strong><em>θ</em></strong></span> <span class='ocrx_word' id='word_1_28' title='bbox 345 965 376 994; x_wconf 88' lang='grc' dir='ltr'>α</span> <span class='ocrx_word' id='word_1_29' title='bbox 386 965 414 994; x_wconf 89' lang='grc' dir='ltr'><strong><em>ν</em></strong></span> <span class='ocrx_word' id='word_1_30' title='bbox 423 964 445 995; x_wconf 86' lang='grc' dir='ltr'><em>ε</em></span> <span class='ocrx_word' id='word_1_31' title='bbox 456 950 481 994; x_wconf 86' lang='grc' dir='ltr'><em>ἶ</em></span> <span class='ocrx_word' id='word_1_32' title='bbox 482 965 511 994; x_wconf 89' lang='grc' dir='ltr'><em>ν</em></span> <span class='ocrx_word' id='word_1_33' title='bbox 543 944 605 1005; x_wconf 80' lang='grc' dir='ltr'>ἆξ</span> <span class='ocrx_word' id='word_1_34' title='bbox 618 965 634 993; x_wconf 89' lang='grc' dir='ltr'><em>ι</em></span> <span class='ocrx_word' id='word_1_35' title='bbox 645 963 670 994; x_wconf 92' lang='lat' dir='ltr'>o</span> <span class='ocrx_word' id='word_1_36' title='bbox 683 950 704 993; x_wconf 84' lang='grc' dir='ltr'><strong><em>ῐ</em></strong></span> <span class='ocrx_word' id='word_1_37' title='bbox 733 962 830 1007; x_wconf 86' lang='lat' dir='ltr'>qua</span> <span class='ocrx_word' id='word_1_38' title='bbox 861 961 1040 994; x_wconf 86' lang='lat' dir='ltr'>avarus</span> <span class='ocrx_word' id='word_1_39' title='bbox 1063 947 1330 1007; x_wconf 75' lang='lat' dir='ltr'>impatiens</span> <span class='ocrx_word' id='word_1_40' title='bbox 1354 947 1490 994; x_wconf 88' lang='lat' dir='ltr'>mille</span> <span class='ocrx_word' id='word_1_41' title='bbox 1514 946 1860 995; x_wconf 82' lang='lat' dir='ltr'><strong>drachmarum</strong></span> 
     </span>
     <span class='ocr_line' id='line_1_6' title="bbox 173 1020 1863 1083; baseline 0.001 -16"><span class='ocrx_word' id='word_1_42' title='bbox 173 1036 263 1082; x_wconf 88' lang='lat' dir='ltr'>pro</span> <span class='ocrx_word' id='word_1_43' title='bbox 296 1021 528 1069; x_wconf 85' lang='lat' dir='ltr'>thesauro</span> <span class='ocrx_word' id='word_1_44' title='bbox 561 1020 946 1083; x_wconf 87' lang='lat' dir='ltr'>quingentarum</span> <span class='ocrx_word' id='word_1_45' title='bbox 978 1022 1180 1068; x_wconf 88' lang='lat' dir='ltr'>invento</span> <span class='ocrx_word' id='word_1_46' title='bbox 1212 1020 1321 1083; x_wconf 87' lang='lat' dir='ltr'>lege</span> <span class='ocrx_word' id='word_1_47' title='bbox 1353 1020 1700 1069; x_wconf 87' lang='lat' dir='ltr'>solvendarum</span> <span class='ocrx_word' id='word_1_48' title='bbox 1732 1021 1863 1070; x_wconf 89' lang='lat' dir='ltr'>cicu-</span> 
     </span>
     <span class='ocr_line' id='line_1_7' title="bbox 173 1088 1862 1156; baseline 0.001 -15"><span class='ocrx_word' id='word_1_49' title='bbox 173 1097 275 1142; x_wconf 80' lang='lat' dir='ltr'>tam</span> <span class='ocrx_word' id='word_1_50' title='bbox 311 1110 340 1142; x_wconf 90' lang='lat' dir='ltr'>a</span> <span class='ocrx_word' id='word_1_51' title='bbox 365 1096 542 1142; x_wconf 88' lang='lat' dir='ltr'>senatu</span> <span class='ocrx_word' id='word_1_52' title='bbox 572 1095 701 1155; x_wconf 88' lang='lat' dir='ltr'>petit</span> <span class='ocrx_word' id='word_1_53' title='bbox 713 1088 767 1154; x_wconf 75' lang='lat'>1),</span> <span class='ocrx_word' id='word_1_54' title='bbox 800 1094 893 1142; x_wconf 87' lang='lat' dir='ltr'>etsi</span> <span class='ocrx_word' id='word_1_55' title='bbox 923 1110 1023 1142; x_wconf 91' lang='lat' dir='ltr'>non</span> <span class='ocrx_word' id='word_1_56' title='bbox 1047 1095 1226 1141; x_wconf 87' lang='lat' dir='ltr'>eximio</span> <span class='ocrx_word' id='word_1_57' title='bbox 1250 1094 1429 1156; x_wconf 91' lang='lat' dir='ltr'>plausu</span> <span class='ocrx_word' id='word_1_58' title='bbox 1453 1098 1670 1156; x_wconf 89' lang='lat' dir='ltr'>accepta,</span> <span class='ocrx_word' id='word_1_59' title='bbox 1693 1098 1862 1143; x_wconf 89' lang='lat' dir='ltr'>tamen</span> 
     </span>
     <span class='ocr_line' id='line_1_8' title="bbox 173 1167 1862 1231; baseline 0 -15"><span class='ocrx_word' id='word_1_60' title='bbox 173 1170 345 1216; x_wconf 87' lang='lat' dir='ltr'>amicis</span> <span class='ocrx_word' id='word_1_61' title='bbox 377 1168 636 1216; x_wconf 82' lang='lat' dir='ltr'>facundiae</span> <span class='ocrx_word' id='word_1_62' title='bbox 667 1167 972 1216; x_wconf 89' lang='lat' dir='ltr'>Libanianae</span> <span class='ocrx_word' id='word_1_63' title='bbox 1003 1168 1135 1216; x_wconf 90' lang='lat' dir='ltr'>haud</span> <span class='ocrx_word' id='word_1_64' title='bbox 1166 1169 1368 1231; x_wconf 87' lang='lat' dir='ltr'>ingrata</span> <span class='ocrx_word' id='word_1_65' title='bbox 1397 1169 1508 1216; x_wconf 84' lang='lat' dir='ltr'>fuit.</span> <span class='ocrx_word' id='word_1_66' title='bbox 1554 1169 1729 1231; x_wconf 90' lang='lat' dir='ltr'>Itaque</span> <span class='ocrx_word' id='word_1_67' title='bbox 1760 1185 1862 1218; x_wconf 89' lang='lat' dir='ltr'>non</span> 
     </span>
     <span class='ocr_line' id='line_1_9' title="bbox 176 1238 1858 1305; baseline 0 -14"><span class='ocrx_word' id='word_1_68' title='bbox 176 1238 431 1304; x_wconf 81' lang='lat' dir='ltr'>‘corporis&#39;</span> <span class='ocrx_word' id='word_1_69' title='bbox 462 1242 639 1289; x_wconf 87' lang='lat' dir='ltr'>finibus</span> <span class='ocrx_word' id='word_1_70' title='bbox 672 1243 885 1290; x_wconf 86' lang='lat' dir='ltr'>coercita</span> <span class='ocrx_word' id='word_1_71' title='bbox 914 1244 1099 1290; x_wconf 88' lang='lat' dir='ltr'>mansit</span> <span class='ocrx_word' id='word_1_72' title='bbox 1123 1242 1207 1290; x_wconf 89' lang='lat' dir='ltr'>sed</span> <span class='ocrx_word' id='word_1_73' title='bbox 1231 1242 1383 1289; x_wconf 88' lang='lat' dir='ltr'>etiam</span> <span class='ocrx_word' id='word_1_74' title='bbox 1405 1242 1458 1289; x_wconf 90' lang='lat' dir='ltr'>in</span> <span class='ocrx_word' id='word_1_75' title='bbox 1483 1243 1676 1305; x_wconf 83' lang='lat' dir='ltr'>eclogas</span> <span class='ocrx_word' id='word_1_76' title='bbox 1699 1245 1858 1291; x_wconf 87' lang='lat' dir='ltr'>trans-</span> 
     </span>
     <span class='ocr_line' id='line_1_10' title="bbox 172 1315 1864 1378; baseline 0 -14"><span class='ocrx_word' id='word_1_77' title='bbox 172 1318 247 1364; x_wconf 86' lang='lat' dir='ltr'>iit.</span> <span class='ocrx_word' id='word_1_78' title='bbox 310 1315 510 1365; x_wconf 85' lang='lat' dir='ltr'>Codices</span> <span class='ocrx_word' id='word_1_79' title='bbox 552 1318 719 1363; x_wconf 85' lang='lat' dir='ltr'>autem</span> <span class='ocrx_word' id='word_1_80' title='bbox 762 1315 938 1377; x_wconf 87' lang='lat' dir='ltr'>quibus</span> <span class='ocrx_word' id='word_1_81' title='bbox 983 1316 1045 1364; x_wconf 91' lang='lat' dir='ltr'>ad</span> <span class='ocrx_word' id='word_1_82' title='bbox 1076 1317 1203 1364; x_wconf 91' lang='lat' dir='ltr'>hanc</span> <span class='ocrx_word' id='word_1_83' title='bbox 1235 1318 1450 1364; x_wconf 85' lang='lat' dir='ltr'>aetatem</span> <span class='ocrx_word' id='word_1_84' title='bbox 1488 1317 1715 1378; x_wconf 85' lang='lat' dir='ltr'>pervenit</span> <span class='ocrx_word' id='word_1_85' title='bbox 1745 1319 1864 1364; x_wconf 89' lang='lat' dir='ltr'>sunt</span> 
     </span>
     <span class='ocr_line' id='line_1_11' title="bbox 171 1390 351 1438; baseline 0.006 -1"><span class='ocrx_word' id='word_1_86' title='bbox 171 1390 224 1438; x_wconf 89' lang='lat' dir='ltr'>hi</span> <span class='ocrx_word' id='word_1_87' title='bbox 259 1392 325 1438; x_wconf 87' lang='lat'>23</span> <span class='ocrx_word' id='word_1_88' title='bbox 339 1408 351 1438; x_wconf 73' lang='grc' dir='ltr'>ε</span> 
     </span>
    </p>

    <p class='ocr_par' dir='ltr' id='par_1_3' title="bbox 282 1459 959 1526">
     <span class='ocr_line' id='line_1_12' title="bbox 282 1459 959 1526; baseline 0.001 -15"><span class='ocrx_word' id='word_1_89' title='bbox 282 1464 475 1526; x_wconf 86' lang='lat' dir='ltr'>Incipio</span> <span class='ocrx_word' id='word_1_90' title='bbox 509 1480 538 1511; x_wconf 91' lang='lat' dir='ltr'>a</span> <span class='ocrx_word' id='word_1_91' title='bbox 571 1459 959 1526; x_wconf 75' lang='lat' dir='ltr'>‘corporalibus’.</span> 
     </span>
    </p>

    <p class='ocr_par' dir='ltr' id='par_1_4' title="bbox 171 1531 1861 1823">
     <span class='ocr_line' id='line_1_13' title="bbox 288 1531 1859 1604; baseline 0 -18"><span class='ocrx_word' id='word_1_92' title='bbox 288 1542 331 1586; x_wconf 87' lang='lat'>1.</span> <span class='ocrx_word' id='word_1_93' title='bbox 364 1538 806 1586; x_wconf 75' lang='lat' dir='ltr'>Laurentianus</span> <span class='ocrx_word' id='word_1_94' title='bbox 830 1537 971 1586; x_wconf 86' lang='lat' dir='ltr'><strong>LVII</strong></span> <span class='ocrx_word' id='word_1_95' title='bbox 997 1539 1064 1586; x_wconf 84' lang='lat'>27</span> <span class='ocrx_word' id='word_1_96' title='bbox 1092 1531 1186 1604; x_wconf 90' lang='lat'>(=</span> <span class='ocrx_word' id='word_1_97' title='bbox 1212 1532 1276 1604; x_wconf 85' lang='lat' dir='ltr'>L)</span> <span class='ocrx_word' id='word_1_98' title='bbox 1304 1554 1432 1586; x_wconf 90' lang='lat' dir='ltr'>anno</span> <span class='ocrx_word' id='word_1_99' title='bbox 1461 1539 1601 1586; x_wconf 82' lang='lat'>1392</span> <span class='ocrx_word' id='word_1_100' title='bbox 1628 1539 1859 1586; x_wconf 83' lang='lat' dir='ltr'>exaratus</span> 
     </span>
     <span class='ocr_line' id='line_1_14' title="bbox 171 1611 1861 1674; baseline -0.001 -14"><span class='ocrx_word' id='word_1_101' title='bbox 171 1612 255 1661; x_wconf 87' lang='lat' dir='ltr'>fol.</span> <span class='ocrx_word' id='word_1_102' title='bbox 283 1614 311 1660; x_wconf 89' lang='lat'><strong>3</strong></span> <span class='ocrx_word' id='word_1_103' title='bbox 323 1614 365 1660; x_wconf 85' lang='lat'>7.</span> <span class='ocrx_word' id='word_1_104' title='bbox 408 1611 617 1659; x_wconf 84' lang='lat' dir='ltr'>Scholiis</span> <span class='ocrx_word' id='word_1_105' title='bbox 641 1627 793 1660; x_wconf 91' lang='lat' dir='ltr'>manu</span> <span class='ocrx_word' id='word_1_106' title='bbox 816 1612 1010 1660; x_wconf 87' lang='lat' dir='ltr'>librarii</span> <span class='ocrx_word' id='word_1_107' title='bbox 1034 1612 1232 1674; x_wconf 86' lang='lat' dir='ltr'>scriptis</span> <span class='ocrx_word' id='word_1_108' title='bbox 1264 1615 1340 1660; x_wconf 91' lang='lat' dir='ltr'>est</span> <span class='ocrx_word' id='word_1_109' title='bbox 1371 1614 1589 1660; x_wconf 89' lang='lat' dir='ltr'>ornatus.</span> <span class='ocrx_word' id='word_1_110' title='bbox 1636 1611 1861 1660; x_wconf 85' lang='lat' dir='ltr'>Correxit</span> 
     </span>
     <span class='ocr_line' id='line_1_15' title="bbox 172 1686 1857 1748; baseline -0.001 -14"><span class='ocrx_word' id='word_1_111' title='bbox 172 1702 345 1735; x_wconf 87' lang='lat' dir='ltr'>manus</span> <span class='ocrx_word' id='word_1_112' title='bbox 378 1686 590 1735; x_wconf 89' lang='lat' dir='ltr'>secunda</span> <span class='ocrx_word' id='word_1_113' title='bbox 622 1688 785 1734; x_wconf 91' lang='lat' dir='ltr'>aetate</span> <span class='ocrx_word' id='word_1_114' title='bbox 816 1687 894 1733; x_wconf 87' lang='lat' dir='ltr'>illi</span> <span class='ocrx_word' id='word_1_115' title='bbox 923 1687 1026 1734; x_wconf 86' lang='lat' dir='ltr'>fere</span> <span class='ocrx_word' id='word_1_116' title='bbox 1060 1686 1295 1747; x_wconf 87' lang='lat' dir='ltr'>aequalis.</span> <span class='ocrx_word' id='word_1_117' title='bbox 1353 1686 1478 1734; x_wconf 87' lang='lat' dir='ltr'>Vide</span> <span class='ocrx_word' id='word_1_118' title='bbox 1509 1689 1544 1734; x_wconf 88' lang='lat' dir='ltr'>t.</span> <span class='ocrx_word' id='word_1_119' title='bbox 1569 1686 1595 1733; x_wconf 96' lang='lat' dir='ltr'>I</span> <span class='ocrx_word' id='word_1_120' title='bbox 1625 1702 1667 1748; x_wconf 91' lang='lat' dir='ltr'>p.</span> <span class='ocrx_word' id='word_1_121' title='bbox 1699 1686 1728 1733; x_wconf 90' lang='lat'>5</span> <span class='ocrx_word' id='word_1_122' title='bbox 1737 1687 1765 1734; x_wconf 90' lang='lat'>9</span> <span class='ocrx_word' id='word_1_123' title='bbox 1785 1700 1857 1748; x_wconf 89' lang='lat' dir='ltr'>sq.</span> 
     </span>
     <span class='ocr_line' id='line_1_16' title="bbox 173 1759 1677 1823; baseline -0.001 -15"><span class='ocrx_word' id='word_1_124' title='bbox 173 1759 400 1808; x_wconf 83' lang='lat' dir='ltr'>Gratiose</span> <span class='ocrx_word' id='word_1_125' title='bbox 433 1777 598 1807; x_wconf 89' lang='lat' dir='ltr'>meum</span> <span class='ocrx_word' id='word_1_126' title='bbox 629 1761 681 1807; x_wconf 89' lang='lat' dir='ltr'>in</span> <span class='ocrx_word' id='word_1_127' title='bbox 712 1776 856 1808; x_wconf 88' lang='lat' dir='ltr'>usum</span> <span class='ocrx_word' id='word_1_128' title='bbox 888 1760 1102 1808; x_wconf 89' lang='lat' dir='ltr'>contulit</span> <span class='ocrx_word' id='word_1_129' title='bbox 1131 1759 1377 1807; x_wconf 88' lang='lat' dir='ltr'>Henricus</span> <span class='ocrx_word' id='word_1_130' title='bbox 1409 1760 1677 1823; x_wconf 83' lang='lat' dir='ltr'>Rostagno.</span> 
     </span>
    </p>
   </div>
   <div class='ocr_carea' id='block_1_3' title="bbox 168 1833 1857 2487">
    <p class='ocr_par' dir='ltr' id='par_1_5' title="bbox 281 1833 898 1896">
     <span class='ocr_line' id='line_1_17' title="bbox 281 1833 898 1896; baseline 0.003 -15"><span class='ocrx_word' id='word_1_131' title='bbox 281 1834 357 1881; x_wconf 85' lang='lat' dir='ltr'>Ex</span> <span class='ocrx_word' id='word_1_132' title='bbox 387 1835 480 1881; x_wconf 89' lang='lat' dir='ltr'>hoc</span> <span class='ocrx_word' id='word_1_133' title='bbox 513 1833 788 1896; x_wconf 87' lang='lat' dir='ltr'>descriptus</span> <span class='ocrx_word' id='word_1_134' title='bbox 824 1837 898 1883; x_wconf 87' lang='lat' dir='ltr'>est</span> 
     </span>
    </p>

    <p class='ocr_par' dir='ltr' id='par_1_6' title="bbox 169 1905 1857 2104">
     <span class='ocr_line' id='line_1_18' title="bbox 285 1905 1857 1971; baseline -0.001 -16"><span class='ocrx_word' id='word_1_135' title='bbox 285 1910 328 1956; x_wconf 81' lang='lat'>2.</span> <span class='ocrx_word' id='word_1_136' title='bbox 362 1908 952 1956; x_wconf 84' lang='lat' dir='ltr'>Wolfenbuttelanus</span> <span class='ocrx_word' id='word_1_137' title='bbox 988 1907 1089 1955; x_wconf 88' lang='lat'>511</span> <span class='ocrx_word' id='word_1_138' title='bbox 1127 1905 1384 1954; x_wconf 82' lang='lat' dir='ltr'>Gudianus</span> <span class='ocrx_word' id='word_1_139' title='bbox 1416 1925 1487 1971; x_wconf 85' lang='lat' dir='ltr'>gr.</span> <span class='ocrx_word' id='word_1_140' title='bbox 1516 1909 1582 1955; x_wconf 84' lang='lat'>77</span> <span class='ocrx_word' id='word_1_141' title='bbox 1617 1922 1739 1956; x_wconf 88' lang='lat' dir='ltr'>saec.</span> <span class='ocrx_word' id='word_1_142' title='bbox 1763 1907 1857 1953; x_wconf 92' lang='lat' dir='ltr'>XV</span> 
     </span>
     <span class='ocr_line' id='line_1_19' title="bbox 170 1979 1856 2044; baseline 0 -16"><span class='ocrx_word' id='word_1_143' title='bbox 170 1982 254 2030; x_wconf 87' lang='lat' dir='ltr'>fol.</span> <span class='ocrx_word' id='word_1_144' title='bbox 291 1984 399 2030; x_wconf 68' lang='lat' dir='ltr'>41V.</span> <span class='ocrx_word' id='word_1_145' title='bbox 470 1981 595 2029; x_wconf 88' lang='lat' dir='ltr'>Vide</span> <span class='ocrx_word' id='word_1_146' title='bbox 642 1985 676 2031; x_wconf 91' lang='lat' dir='ltr'>t.</span> <span class='ocrx_word' id='word_1_147' title='bbox 713 1982 739 2029; x_wconf 96' lang='grc' dir='ltr'>Ι</span> <span class='ocrx_word' id='word_1_148' title='bbox 784 1999 830 2044; x_wconf 89' lang='lat' dir='ltr'>p.</span> <span class='ocrx_word' id='word_1_149' title='bbox 871 1983 937 2031; x_wconf 87' lang='grc'>59</span> <span class='ocrx_word' id='word_1_150' title='bbox 957 1997 1026 2044; x_wconf 89' lang='lat' dir='ltr'>sq.</span> <span class='ocrx_word' id='word_1_151' title='bbox 1099 1979 1322 2029; x_wconf 84' lang='lat' dir='ltr'>Contulit</span> <span class='ocrx_word' id='word_1_152' title='bbox 1367 1981 1569 2029; x_wconf 86' lang='lat' dir='ltr'>Reiskia</span> <span class='ocrx_word' id='word_1_153' title='bbox 1613 1981 1667 2029; x_wconf 92' lang='lat' dir='ltr'>in</span> <span class='ocrx_word' id='word_1_154' title='bbox 1711 1996 1856 2030; x_wconf 90' lang='lat' dir='ltr'>usum</span> 
     </span>
     <span class='ocr_line' id='line_1_20' title="bbox 169 2057 351 2104; baseline 0.005 -2"><span class='ocrx_word' id='word_1_155' title='bbox 169 2057 351 2104; x_wconf 86' lang='lat' dir='ltr'>mariti.</span> 
     </span>
    </p>

    <p class='ocr_par' dir='ltr' id='par_1_7' title="bbox 281 2128 1464 2191">
     <span class='ocr_line' id='line_1_21' title="bbox 281 2128 1464 2191; baseline 0 -15"><span class='ocrx_word' id='word_1_156' title='bbox 281 2130 355 2176; x_wconf 87' lang='lat' dir='ltr'>Ex</span> <span class='ocrx_word' id='word_1_157' title='bbox 386 2130 478 2178; x_wconf 89' lang='lat' dir='ltr'>hoc</span> <span class='ocrx_word' id='word_1_158' title='bbox 508 2146 597 2191; x_wconf 90' lang='lat' dir='ltr'>per</span> <span class='ocrx_word' id='word_1_159' title='bbox 628 2130 896 2178; x_wconf 74' lang='lat' dir='ltr'>editionem</span> <span class='ocrx_word' id='word_1_160' title='bbox 926 2129 1290 2177; x_wconf 86' lang='lat' dir='ltr'>Ferrariensem</span> <span class='ocrx_word' id='word_1_161' title='bbox 1321 2128 1464 2176; x_wconf 87' lang='lat' dir='ltr'>fluxit</span> 
     </span>
    </p>

    <p class='ocr_par' dir='ltr' id='par_1_8' title="bbox 170 2198 1856 2339">
     <span class='ocr_line' id='line_1_22' title="bbox 283 2198 1856 2269; baseline -0.001 -19"><span class='ocrx_word' id='word_1_162' title='bbox 283 2205 330 2250; x_wconf 89' lang='lat'>3.</span> <span class='ocrx_word' id='word_1_163' title='bbox 361 2203 805 2252; x_wconf 85' lang='lat' dir='ltr'>Escurialensis</span> <span class='ocrx_word' id='word_1_164' title='bbox 837 2200 1036 2252; x_wconf 87' lang='grc' dir='ltr'>Τ-Π-9</span> <span class='ocrx_word' id='word_1_165' title='bbox 1066 2198 1196 2269; x_wconf 85' lang='lat'>(145</span> <span class='ocrx_word' id='word_1_166' title='bbox 1221 2203 1274 2249; x_wconf 90' lang='lat' dir='ltr'>in</span> <span class='ocrx_word' id='word_1_167' title='bbox 1299 2202 1526 2266; x_wconf 82' lang='lat' dir='ltr'>catalogo</span> <span class='ocrx_word' id='word_1_168' title='bbox 1551 2198 1856 2265; x_wconf 87' lang='lat' dir='ltr'>Milleriano)</span> 
     </span>
     <span class='ocr_line' id='line_1_23' title="bbox 170 2277 945 2339; baseline 0 -14"><span class='ocrx_word' id='word_1_169' title='bbox 170 2293 292 2325; x_wconf 90' lang='lat' dir='ltr'>saec.</span> <span class='ocrx_word' id='word_1_170' title='bbox 320 2277 449 2325; x_wconf 91' lang='lat' dir='ltr'>XVI.</span> <span class='ocrx_word' id='word_1_171' title='bbox 513 2277 639 2325; x_wconf 91' lang='lat' dir='ltr'>Vide</span> <span class='ocrx_word' id='word_1_172' title='bbox 671 2281 706 2326; x_wconf 89' lang='lat' dir='ltr'>t.</span> <span class='ocrx_word' id='word_1_173' title='bbox 730 2278 757 2325; x_wconf 91' lang='lat' dir='ltr'>I</span> <span class='ocrx_word' id='word_1_174' title='bbox 786 2294 833 2339; x_wconf 87' lang='lat' dir='ltr'>p.</span> <span class='ocrx_word' id='word_1_175' title='bbox 863 2279 945 2326; x_wconf 86' lang='lat'>67.</span> 
     </span>
    </p>

    <p class='ocr_par' dir='ltr' id='par_1_9' title="bbox 168 2343 1852 2487">
     <span class='ocr_line' id='line_1_24' title="bbox 281 2343 1852 2413; baseline -0.001 -16"><span class='ocrx_word' id='word_1_176' title='bbox 281 2352 328 2398; x_wconf 88' lang='grc'>4.</span> <span class='ocrx_word' id='word_1_177' title='bbox 373 2350 817 2399; x_wconf 77' lang='lat' dir='ltr'>Laurentianus</span> <span class='ocrx_word' id='word_1_178' title='bbox 863 2350 1004 2399; x_wconf 93' lang='lat' dir='ltr'>LVII</span> <span class='ocrx_word' id='word_1_179' title='bbox 1036 2353 1100 2398; x_wconf 87' lang='grc'>21</span> <span class='ocrx_word' id='word_1_180' title='bbox 1154 2364 1277 2398; x_wconf 90' lang='lat' dir='ltr'>saec.</span> <span class='ocrx_word' id='word_1_181' title='bbox 1309 2343 1540 2413; x_wconf 72' lang='lat' dir='ltr'>XIVJXV</span> <span class='ocrx_word' id='word_1_182' title='bbox 1585 2351 1668 2398; x_wconf 91' lang='lat' dir='ltr'>fol.</span> <span class='ocrx_word' id='word_1_183' title='bbox 1705 2351 1852 2398; x_wconf 58' lang='lat'>300³:</span> 
     </span>
     <span class='ocr_line' id='line_1_25' title="bbox 168 2424 730 2487; baseline 0.002 -16"><span class='ocrx_word' id='word_1_184' title='bbox 168 2424 294 2472; x_wconf 91' lang='lat' dir='ltr'>Vide</span> <span class='ocrx_word' id='word_1_185' title='bbox 325 2427 360 2472; x_wconf 90' lang='lat' dir='ltr'>t.</span> <span class='ocrx_word' id='word_1_186' title='bbox 387 2425 432 2470; x_wconf 97' lang='lat' dir='ltr'>V</span> <span class='ocrx_word' id='word_1_187' title='bbox 463 2442 508 2486; x_wconf 90' lang='lat' dir='ltr'>p.</span> <span class='ocrx_word' id='word_1_188' title='bbox 540 2426 641 2474; x_wconf 83' lang='lat'>158</span> <span class='ocrx_word' id='word_1_189' title='bbox 661 2441 730 2487; x_wconf 90' lang='lat' dir='ltr'>sq.</span> 
     </span>
    </p>
   </div>
   <div class='ocr_carea' id='block_1_4' title="bbox 168 2525 425 2530">
    <p class='ocr_par' dir='ltr' id='par_1_10' title="bbox 168 2525 425 2530">
     <span class='ocr_line' id='line_1_26' title="bbox 168 2525 425 2530; baseline 0 0"><span class='ocrx_word' id='word_1_190' title='bbox 168 2525 425 2530; x_wconf 95' lang='lat' dir='ltr'> </span> 
     </span>
    </p>
   </div>
   <div class='ocr_carea' id='block_1_5' title="bbox 165 2576 1921 2989">
    <p class='ocr_par' dir='ltr' id='par_1_11' title="bbox 165 2576 1921 2989">
     <span class='ocr_line' id='line_1_27' title="bbox 290 2576 1854 2636; baseline -0.002 -14"><span class='ocrx_word' id='word_1_191' title='bbox 290 2582 330 2635; x_wconf 90' lang='lat'>1)</span> <span class='ocrx_word' id='word_1_192' title='bbox 362 2579 426 2623; x_wconf 85' lang='lat' dir='ltr'>Cf.</span> <span class='ocrx_word' id='word_1_193' title='bbox 461 2596 505 2636; x_wconf 89' lang='lat' dir='ltr'>p.</span> <span class='ocrx_word' id='word_1_194' title='bbox 534 2585 602 2633; x_wconf 80' lang='lat'>17,</span> <span class='ocrx_word' id='word_1_195' title='bbox 625 2586 647 2623; x_wconf 85' lang='lat'>7</span> <span class='ocrx_word' id='word_1_196' title='bbox 681 2583 728 2624; x_wconf 86' lang='lat' dir='ltr'>et</span> <span class='ocrx_word' id='word_1_197' title='bbox 761 2586 829 2634; x_wconf 88' lang='lat'>31,</span> <span class='ocrx_word' id='word_1_198' title='bbox 849 2586 887 2624; x_wconf 82' lang='lat'>2.</span> <span class='ocrx_word' id='word_1_199' title='bbox 922 2582 956 2625; x_wconf 76' lang='lat' dir='ltr'>t.</span> <span class='ocrx_word' id='word_1_200' title='bbox 980 2580 1043 2623; x_wconf 92' lang='lat' dir='ltr'>IV</span> <span class='ocrx_word' id='word_1_201' title='bbox 1068 2584 1167 2634; x_wconf 83' lang='lat'>227,</span> <span class='ocrx_word' id='word_1_202' title='bbox 1188 2582 1241 2622; x_wconf 93' lang='grc'>10</span> <span class='ocrx_word' id='word_1_203' title='bbox 1259 2591 1325 2632; x_wconf 85' lang='lat' dir='ltr'>sq.</span> <span class='ocrx_word' id='word_1_204' title='bbox 1350 2577 1403 2619; x_wconf 89' lang='lat' dir='ltr'>R.</span> <span class='ocrx_word' id='word_1_205' title='bbox 1448 2576 1517 2620; x_wconf 87' lang='lat' dir='ltr'>De</span> <span class='ocrx_word' id='word_1_206' title='bbox 1547 2577 1634 2620; x_wconf 88' lang='lat' dir='ltr'>hac</span> <span class='ocrx_word' id='word_1_207' title='bbox 1665 2577 1854 2620; x_wconf 85' lang='lat' dir='ltr'>institu-</span> 
     </span>
     <span class='ocr_line' id='line_1_28' title="bbox 167 2635 1851 2697; baseline -0.003 -15"><span class='ocrx_word' id='word_1_208' title='bbox 167 2638 293 2682; x_wconf 84' lang='lat' dir='ltr'>tione</span> <span class='ocrx_word' id='word_1_209' title='bbox 321 2638 375 2682; x_wconf 84' lang='lat' dir='ltr'>cf.</span> <span class='ocrx_word' id='word_1_210' title='bbox 403 2641 433 2681; x_wconf 90' lang='lat' dir='ltr'>t.</span> <span class='ocrx_word' id='word_1_211' title='bbox 461 2639 521 2683; x_wconf 91' lang='lat' dir='ltr'>VI</span> <span class='ocrx_word' id='word_1_212' title='bbox 543 2654 587 2695; x_wconf 91' lang='lat' dir='ltr'>p.</span> <span class='ocrx_word' id='word_1_213' title='bbox 606 2645 692 2682; x_wconf 84' lang='lat'>494</span> <span class='ocrx_word' id='word_1_214' title='bbox 723 2642 816 2683; x_wconf 82' lang='lat' dir='ltr'>not.</span> <span class='ocrx_word' id='word_1_215' title='bbox 854 2646 891 2683; x_wconf 91' lang='lat'>1.</span> <span class='ocrx_word' id='word_1_216' title='bbox 941 2639 1008 2682; x_wconf 87' lang='lat' dir='ltr'>De</span> <span class='ocrx_word' id='word_1_217' title='bbox 1033 2637 1304 2697; x_wconf 86' lang='lat' dir='ltr'>argumento</span> <span class='ocrx_word' id='word_1_218' title='bbox 1328 2635 1472 2679; x_wconf 82' lang='lat' dir='ltr'>totius</span> <span class='ocrx_word' id='word_1_219' title='bbox 1499 2635 1851 2678; x_wconf 81' lang='lat' dir='ltr'>declamationis</span> 
     </span>
     <span class='ocr_line' id='line_1_29' title="bbox 169 2694 1854 2755; baseline -0.002 -15"><span class='ocrx_word' id='word_1_220' title='bbox 169 2697 582 2753; x_wconf 87' lang='lat' dir='ltr'>conaminibusque</span> <span class='ocrx_word' id='word_1_221' title='bbox 622 2698 704 2741; x_wconf 90' lang='lat' dir='ltr'>Th.</span> <span class='ocrx_word' id='word_1_222' title='bbox 738 2698 905 2742; x_wconf 89' lang='lat' dir='ltr'>Kockii</span> <span class='ocrx_word' id='word_1_223' title='bbox 945 2697 1085 2755; x_wconf 88' lang='lat' dir='ltr'>(Com.</span> <span class='ocrx_word' id='word_1_224' title='bbox 1118 2697 1214 2740; x_wconf 88' lang='lat' dir='ltr'>Att.</span> <span class='ocrx_word' id='word_1_225' title='bbox 1246 2694 1301 2738; x_wconf 87' lang='lat' dir='ltr'>fr.</span> <span class='ocrx_word' id='word_1_226' title='bbox 1327 2694 1391 2737; x_wconf 92' lang='lat' dir='ltr'>III</span> <span class='ocrx_word' id='word_1_227' title='bbox 1428 2709 1472 2750; x_wconf 91' lang='lat' dir='ltr'>p.</span> <span class='ocrx_word' id='word_1_228' title='bbox 1500 2698 1583 2737; x_wconf 85' lang='lat'>502</span> <span class='ocrx_word' id='word_1_229' title='bbox 1617 2709 1659 2737; x_wconf 93' lang='lat' dir='ltr'>n.</span> <span class='ocrx_word' id='word_1_230' title='bbox 1687 2698 1772 2737; x_wconf 93' lang='lat'>508</span> <span class='ocrx_word' id='word_1_231' title='bbox 1806 2697 1854 2737; x_wconf 88' lang='lat' dir='ltr'>et</span> 
     </span>
     <span class='ocr_line' id='line_1_30' title="bbox 167 2752 1852 2812; baseline -0.002 -13"><span class='ocrx_word' id='word_1_232' title='bbox 167 2771 212 2812; x_wconf 93' lang='lat' dir='ltr'>p.</span> <span class='ocrx_word' id='word_1_233' title='bbox 231 2760 316 2799; x_wconf 86' lang='lat'>485</span> <span class='ocrx_word' id='word_1_234' title='bbox 340 2771 384 2799; x_wconf 90' lang='lat' dir='ltr'>n.</span> <span class='ocrx_word' id='word_1_235' title='bbox 410 2759 513 2812; x_wconf 87' lang='grc'>409)</span> <span class='ocrx_word' id='word_1_236' title='bbox 546 2757 686 2800; x_wconf 87' lang='lat' dir='ltr'>verba</span> <span class='ocrx_word' id='word_1_237' title='bbox 717 2756 902 2801; x_wconf 88' lang='lat' dir='ltr'>Libanii</span> <span class='ocrx_word' id='word_1_238' title='bbox 935 2757 995 2800; x_wconf 86' lang='lat' dir='ltr'>ad</span> <span class='ocrx_word' id='word_1_239' title='bbox 1026 2770 1183 2800; x_wconf 85' lang='lat' dir='ltr'>versus</span> <span class='ocrx_word' id='word_1_240' title='bbox 1216 2753 1481 2799; x_wconf 89' lang='lat' dir='ltr'>comoediae</span> <span class='ocrx_word' id='word_1_241' title='bbox 1505 2752 1692 2795; x_wconf 84' lang='lat' dir='ltr'>Atticae</span> <span class='ocrx_word' id='word_1_242' title='bbox 1723 2766 1852 2796; x_wconf 84' lang='lat' dir='ltr'>revo-</span> 
     </span>
     <span class='ocr_line' id='line_1_31' title="bbox 169 2811 1852 2870; baseline -0.002 -12"><span class='ocrx_word' id='word_1_243' title='bbox 169 2815 306 2858; x_wconf 87' lang='lat' dir='ltr'>candi</span> <span class='ocrx_word' id='word_1_244' title='bbox 349 2815 472 2859; x_wconf 87' lang='lat' dir='ltr'>idem</span> <span class='ocrx_word' id='word_1_245' title='bbox 515 2815 638 2859; x_wconf 85' lang='lat' dir='ltr'>valet</span> <span class='ocrx_word' id='word_1_246' title='bbox 681 2816 804 2870; x_wconf 89' lang='lat' dir='ltr'>quod</span> <span class='ocrx_word' id='word_1_247' title='bbox 846 2816 1022 2859; x_wconf 86' lang='lat' dir='ltr'>ibidem</span> <span class='ocrx_word' id='word_1_248' title='bbox 1065 2817 1158 2858; x_wconf 85' lang='lat' dir='ltr'>not.</span> <span class='ocrx_word' id='word_1_249' title='bbox 1186 2819 1210 2856; x_wconf 86' lang='lat'>2</span> <span class='ocrx_word' id='word_1_250' title='bbox 1252 2813 1361 2856; x_wconf 84' lang='lat' dir='ltr'>dixi.</span> <span class='ocrx_word' id='word_1_251' title='bbox 1424 2811 1682 2854; x_wconf 85' lang='lat' dir='ltr'>Nonnullos</span> <span class='ocrx_word' id='word_1_252' title='bbox 1725 2811 1852 2855; x_wconf 85' lang='lat' dir='ltr'>locos</span> 
     </span>
     <span class='ocr_line' id='line_1_32' title="bbox 168 2869 1851 2930; baseline -0.002 -14"><span class='ocrx_word' id='word_1_253' title='bbox 168 2873 462 2917; x_wconf 81' lang='lat' dir='ltr'>Choricius</span> <span class='ocrx_word' id='word_1_254' title='bbox 494 2874 543 2917; x_wconf 93' lang='lat' dir='ltr'>in</span> <span class='ocrx_word' id='word_1_255' title='bbox 575 2874 861 2930; x_wconf 75' lang='grc' dir='ltr'><em>φιλαργύρου</em></span> <span class='ocrx_word' id='word_1_256' title='bbox 895 2875 1123 2930; x_wconf 84' lang='lat' dir='ltr'>antilogia</span> <span class='ocrx_word' id='word_1_257' title='bbox 1163 2887 1190 2916; x_wconf 84' lang='lat' dir='ltr'>a</span> <span class='ocrx_word' id='word_1_258' title='bbox 1228 2885 1301 2915; x_wconf 91' lang='lat' dir='ltr'>me</span> <span class='ocrx_word' id='word_1_259' title='bbox 1339 2871 1389 2914; x_wconf 90' lang='lat' dir='ltr'>in</span> <span class='ocrx_word' id='word_1_260' title='bbox 1427 2870 1586 2913; x_wconf 85' lang='lat' dir='ltr'>Museo</span> <span class='ocrx_word' id='word_1_261' title='bbox 1626 2869 1851 2913; x_wconf 87' lang='lat' dir='ltr'>Rhenano</span> 
     </span>
     <span class='ocr_line' id='line_1_33' title="bbox 165 2930 1921 2989; baseline -0.002 -12"><span class='ocrx_word' id='word_1_262' title='bbox 165 2932 311 2979; x_wconf 87' lang='lat' dir='ltr'>XLIX</span> <span class='ocrx_word' id='word_1_263' title='bbox 344 2937 428 2976; x_wconf 85' lang='lat'>503</span> <span class='ocrx_word' id='word_1_264' title='bbox 448 2948 517 2989; x_wconf 86' lang='lat' dir='ltr'>sq.</span> <span class='ocrx_word' id='word_1_265' title='bbox 549 2933 677 2976; x_wconf 89' lang='lat' dir='ltr'>edita</span> <span class='ocrx_word' id='word_1_266' title='bbox 710 2948 843 2976; x_wconf 88' lang='lat' dir='ltr'>suum</span> <span class='ocrx_word' id='word_1_267' title='bbox 875 2934 924 2976; x_wconf 86' lang='lat' dir='ltr'>in</span> <span class='ocrx_word' id='word_1_268' title='bbox 956 2948 1091 2976; x_wconf 83' lang='lat' dir='ltr'>usum</span> <span class='ocrx_word' id='word_1_269' title='bbox 1124 2930 1361 2976; x_wconf 85' lang='lat' dir='ltr'>convertit.</span> <span class='ocrx_word' id='word_1_270' title='bbox 1907 2934 1921 2951; x_wconf 76' lang='lat'><strong>⁴</strong></span> 
     </span>
    </p>
   </div>
  </div>
 </body>
</html>
