2044 3168
501 116 722 160 DIVITIS
755 116 1062 160 ADULTERI
1094 116 1428 161 ACCUSATIO
1701 117 1805 169 267

114 256 186 324 μὴ
236 252 496 323 γενέσθαι
544 254 735 321 κύριος
780 253 1037 321 ἠδυνήθη
1087 253 1179 305 διὰ
1225 254 1321 314 τὰς
1368 253 1428 305 ε’ν
1475 262 1590 316 τοῖς
1637 253 1809 321 ἀγῶσι

115 344 318 396 τούτου
360 344 688 410 φιλοτίμους
728 340 976 411 ἁμίλλας,
1016 339 1132 393 ἀλλ’
1174 342 1401 409 ἄμεινόν
1439 362 1500 409 γε
1539 340 1665 410 περὶ
1697 351 1810 395 τῶν

115 432 354 503 ἐμαυτοῦ
378 432 631 499 μεγάλων
655 440 839 483 κακῶν
863 429 1093 495 ἐδίδαξε,
1119 431 1210 483 καὶ
1243 429 1484 483 δέδωκεν
1516 431 1583 484 οὐ
1608 433 1811 500 μικρὰν

115 519 397 584 ἀπόδειξιν
437 521 514 582 εἰς
551 520 653 588 τὴν
692 498 816 572 istm}
861 519 1066 587 ταύτην
1105 523 1440 589 κατηγορίαν
1478 521 1511 588 ἡ
1544 522 1679 573 κατὰ
1710 528 1809 573 τοῦ

115 613 291 680 νόμου
330 611 448 662 τότε
487 610 634 678 παρὰ
672 609 874 662 τούτου
914 607 1265 677 γεγενημένη.
1307 608 1366 671 ὃς
1402 610 1506 678 γὰρ
1547 611 1716 677 μόνος
1754 608 1808 673 ἐξ

115 699 375 752 ἁπάντων
414 707 526 751 τῶν
563 702 805 751 πολιτῶν
842 694 1020 751 ἔδεισε
1050 698 1123 766 μὴ
1156 696 1379 766 γένηται
1411 706 1526 760 τοῖς
1556 696 1682 767 περὶ
1714 700 1810 760 τὰς

116 797 382 857 γυναῖκας
443 785 829 856 ἀδικουμένοις
890 786 1022 854 ἡμῖν
1086 787 1223 839 κατὰ
1283 796 1395 839 τῶν
1464 786 1811 840 ἀδικούντων

117 877 339 941 ἐξουσία
385 884 484 930 τοῦ
532 878 740 944 φόνου,
795 885 912 938 πῶς
958 875 1025 928 οὐ
1074 885 1264 943 σαφῶς
1311 876 1665 945 ὡμολόγησεν
1718 874 1811 944 ἐμὲ

116 965 218 1037 μὲν
258 968 475 1029 εἰκότως
514 967 579 1018 τὰ
618 972 845 1018 τοιαῦτα
883 970 1238 1034 νομοθετεῖν,
1286 965 1432 1036 αὑτῷ
1482 965 1544 1018 δὲ
1590 964 1680 1018 καὶ
1719 984 1811 1018 πε-

114 1057 365 1126 πρᾶχθαί
399 1075 453 1108 τι
491 1061 748 1107 τοιοῦτον
793 1052 883 1106 καὶ
930 1057 1241 1123 τολμᾶσθαι
1288 1053 1378 1107 καὶ
1427 1053 1559 1107 οὐδὲ
1606 1053 1810 1123 λήξειν;

118 1147 167 1199 3.
206 1149 410 1213 πολλῆς
451 1140 554 1198 οὖν
593 1143 786 1214 ἀργίας
816 1142 958 1211 (ἂν)
995 1139 1066 1211 ἦν
1105 1144 1214 1212 ἅμα
1254 1144 1343 1196 καὶ
1385 1144 1684 1213 δυστυχίας
1722 1163 1812 1195 κα-

117 1240 347 1296 λοῦντος
387 1231 472 1303 ἐφ’
521 1231 720 1286 ἑαυτὸν
758 1240 859 1285 τοῦ
899 1240 1097 1302 μοιχοῦ
1136 1234 1236 1286 τὸν
1275 1234 1629 1302 γραφόμενον
1667 1231 1804 1301 μήθ’

117 1325 425 1378 ὑπακοῦσαι
464 1325 596 1391 μήτε
637 1323 798 1390 δίκην
837 1330 931 1390 τῆς
969 1326 1260 1389 παροινίας
1293 1325 1502 1389 λαβεῖν,
1540 1324 1810 1391 προσήκοι

240 1490 292 1528 13
327 1483 511 1538 ἀξίωσις
542 1491 624 1528 τοῦ
655 1473 732 1541 ’βου
763 1482 1012 1539 προοιμίου
1042 1484 1300 1527 Monam-Ina?

240 1639 261 1677 1
297 1631 545 1704 ἠδυνήθην
572 1633 646 1676 La
677 1632 759 1675 sed
783 1633 882 1688 ν<2)
908 1631 1001 1675 add
1020 1647 1061 1699 p·
1117 1631 1327 1688 ἐδυνήθη
1358 1632 1505 1676 MaCl
1527 1631 1690 1688 Doxap

118 1699 143 1736 2
176 1693 342 1738 τούτου
373 1689 645 1748 φιλοτίμους
676 1688 868 1747 ἁμίλλας
899 1690 1064 1747 scripsi
1096 1704 1121 1735 e
1147 1693 1376 1737 MLaMa
1399 1692 1482 1735 sed
1513 1692 1562 1735 in
1585 1691 1674 1736 hoc
1705 1693 1810 1736 τού-

116 1769 199 1797 του
231 1754 338 1808 post
367 1749 560 1807 ἁμίλλας
589 1753 722 1807 repet
753 1749 835 1805 m',
862 1751 992 1796 CWa
1059 1749 1226 1795 τούτου
1258 1749 1558 1804 παρασκευὰς
1589 1750 1751 1808 Doxap

117 1810 388 1868 φιλοτίμους
419 1808 611 1867 ἁμίλλας
639 1811 807 1854 τούτου
832 1811 877 1854 B
910 1809 1000 1852 edd
1036 1811 1042 1866 Ι
1084 1807 1183 1853 ἀλλ’
1221 1823 1295 1854 om
1327 1810 1492 1867 Doxap
1613 1817 1638 1855 3
1672 1810 1810 1868 μεγά-

118 1874 208 1915 λων
240 1870 404 1927 scripsi
480 1869 595 1926 μέγα
622 1869 844 1914 LaMaCl
855 1870 922 1913 Va
954 1868 1035 1912 sed
1066 1869 1116 1912 in
1146 1869 1235 1913 hoc
1267 1883 1382 1926 eras,
1415 1869 1579 1926 Doxap
1653 1884 1727 1914 om
1752 1871 1815 1914 M

118 1932 164 1976 B
197 1931 288 1974 edd
315 1934 321 1985 1
349 1926 497 1974 κακὸν
528 1928 693 1985 Doxap
722 1931 727 1986 Ι
756 1925 941 1982 ἐδίδαξε
967 1929 1042 1972 La
1074 1929 1156 1973 sed
1181 1929 1311 2002 ε(2)
1297 1945 1348 1973 m
1379 1942 1455 1973 ras
1478 1930 1509 1984 f
1620 1934 1647 1972 4
1680 1927 1709 1986 ἣ
1737 1931 1810 1973 La

119 1989 234 2034 sed
278 2003 394 2043 eras
425 1988 589 2045 Doxap
727 1994 752 2031 5
784 1987 914 2042 παρὰ
944 1988 1111 2032 τούτου
1143 1987 1263 2033 κατὰ
1293 1995 1376 2033 τοῦ
1407 1987 1555 2046 νόμου
1585 1986 1687 2033 τότε
1722 1991 1811 2034 Ma

121 2050 219 2095 OlB
231 2049 299 2093 Va
346 2054 454 2121 „aut
493 2049 685 2092 delenda
725 2053 836 2092 sunt
871 2048 1006 2092 verba
1044 2062 1173 2103 παρα
1211 2048 1378 2092 τούτου
1417 2047 1696 2106 γεγενημένη
1727 2054 1810 2093 aut

117 2110 184 2153 sic
207 2109 287 2166 leq.
314 2113 395 2152 est:
422 2105 451 2164 ἢ
484 2107 512 2165 ἡ
544 2106 665 2151 κατὰ
695 2114 776 2151 τοῦ
809 2104 955 2163 νόμον
985 2105 1087 2151 τότε
1117 2107 1247 2160 παρὰ
1270 2108 1437 2152 τούτου
1470 2107 1687 2176 λεγομένῃ
1720 2103 1809 2164 ἧν“

119 2167 186 2212 Re
214 2170 219 2224 Ι
254 2165 478 2225 γενομένη
506 2167 651 2212 ΜαΟΖ
684 2169 690 2223 Ι
725 2163 867 2222 μόνος
899 2165 945 2218 ἐξ
977 2164 1199 2210 ἁπάντων
1230 2174 1323 2211 τῶν
1352 2169 1554 2212 πολιτῶν
1586 2167 1752 2223 scripsi
1786 2181 1810 2211 e

119 2227 254 2272 MLa
270 2226 434 2283 Doxap
494 2224 638 2282 μόνος
652 2233 745 2270 τῶν
761 2227 960 2270 πολιτῶν
977 2225 1167 2270 πάντων
1183 2226 1375 2271 MaClB
1387 2229 1454 2271 Va
1516 2227 1562 2279 ἐξ
1587 2226 1810 2270 ἁπάντων

120 2284 263 2342 μόνος
293 2293 384 2330 τῶν
415 2287 614 2330 πολιτῶν
654 2284 745 2328 edd
793 2287 800 2341 Ι
849 2284 978 2339 παρὰ
1004 2286 1057 2331 01
1088 2286 1171 2330 sed
1208 2286 1314 2340 περὶ
1353 2300 1569 2342 suprascr
1599 2287 1668 2328 m³

120 2350 145 2388 9
177 2348 423 2389 νουθετεῖν
450 2346 538 2389 Ma
562 2344 643 2388 sed
667 2361 721 2400 γρ
747 2347 1024 2400 νομοθετεῖν
1046 2345 1095 2388 in
1119 2358 1254 2402 marg
1275 2345 1518 2398 111²,0lVa
1542 2345 1623 2390 sed
1648 2345 1697 2388 in
1722 2346 1808 2389 hoo

117 2421 173 2461 γρ
199 2402 518 2461 νομοθετεῖν“
500 2420 524 2448 ο
548 2404 628 2447 καὶ
650 2403 841 2447 κάλλιον
871 2403 921 2446 in
952 2417 1087 2462 marg
1116 2403 1186 2448 m²
1211 2408 1218 2461 Ι
1246 2405 1371 2464 αὐτῷ
1394 2404 1505 2448 libri
1528 2405 1693 2461 Doxap
1717 2405 1809 2449 edd

125 2464 128 2519 ἶ
164 2466 440 2536 πεπρᾶχθαι
462 2461 505 2506 τί
525 2465 613 2507 Ma
737 2467 787 2505 11
817 2479 876 2506 αν
900 2462 1075 2507 inserui
1137 2478 1212 2508 om
1236 2451 1353 2508 libri
1371 2463 1534 2520 Doxap
1559 2464 1651 2507 edd
1678 2468 1684 2519 Ι
1713 2463 1809 2519 ἅμα

118 2522 199 2566 καὶ
231 2519 479 2596 δυστυχίας
509 2518 568 2578 ἦν
595 2523 656 2566 Μ
776 2526 828 2564 12
863 2521 1031 2567 ἑαυτοῦ
1057 2525 1186 2569 Lan
1212 2526 1220 2580 Ι
1246 2530 1328 2566 τοῦ
1360 2530 1524 2580 μοιχοῦ
1564 2538 1638 2567 om
1663 2523 1811 2567 MaCl

125 2585 128 2618 1
164 2579 463 2638 γραψάμενον
489 2583 556 2626 Va
587 2581 669 2625 sed
701 2590 738 2636 ψ
769 2581 819 2624 in
850 2595 925 2624 ras
950 2581 1020 2625 m’
1078 2582 1386 2639 γραψάμενον
1410 2583 1484 2627 La
1606 2587 1660 2625 13
1691 2584 1810 2626 ὑπα-

120 2640 349 2685 κούεσθαι
364 2640 528 2697 Doxap
556 2641 562 2698 Ι
589 2639 816 2695 προσήκοι
835 2666 887 2672 -
907 2645 1008 2695 268,
1018 2646 1044 2684 8
1061 2640 1174 2685 ποτέ
1190 2642 1460 2698 praemissis
1478 2639 1672 2685 vorbis'
1647 2657 1808 2698 ομοιον

119 2703 181 2757 τῷ
211 2698 411 2754 παρόντι
439 2700 667 2756 προοιμίῳ
698 2699 828 2755 παρὰ
851 2704 913 2758 τῷ
936 2700 1145 2803 Λιέανίῳ
1177 2700 1228 2744 ἐν
1259 2704 1321 2760 τῷ
1351 2708 1434 2745 τοῦ
1458 2698 1656 2756 πένητος
1678 2699 1808 2756 ζητή-

121 2774 230 2814 ματι
261 2785 316 2790 -
350 2754 438 2803 εἷλε
477 2759 595 2802 citat
623 2757 801 2815 Doxap.
835 2759 864 2802 1.
891 2759 920 2802 l.
954 2774 982 2803 a
1049 2774 1080 2816 p
1121 2764 1192 2813 75,
1211 2765 1324 2803 16-
1330 2764 1386 2803 20
1418 2761 1476 2804 ed
1507 2759 1654 2803 Walz.
1688 2759 1806 2815 (eod.

122 2817 271 2861 Vatic.
298 2822 413 2862 2228
453 2817 531 2861 fol.
558 2822 690 2871 215'3
734 2817 919 2862 Baroee.
952 2818 1031 2863 fol.
1057 2821 1132 2875 40)
1181 2822 1188 2875 Ι
1238 2818 1463 2874 προσήκοι
1502 2818 1668 2874 scripsi
1699 2831 1725 2862 e
1750 2818 1813 2860 M

122 2876 204 2919 sed
232 2879 327 2933 ο(2)
361 2891 417 2920 ex
449 2892 468 2919 ε
501 2891 605 2921 corr
633 2892 686 2934 y,
721 2877 866 2922 Mac!
896 2877 975 2921 sed
1015 2878 1065 2921 in
1095 2877 1183 2921 hoc
1218 2895 1242 2921 ο
1275 2892 1330 2922 ex
1359 2894 1378 2922 ε
1412 2891 1512 2921 corr
1587 2876 1807 2931 προσήκει

123 2936 244 2979 LaB
256 2937 322 2979 Va
355 2935 515 2992 Doxap
548 2935 638 2979 edd

1837 1076 1878 1108 10
