2044 3168
170 85 252 129 AD
285 82 783 129 ANTECEDENTEM
814 81 1340 127 DEGLAMATIONEM
1371 81 1705 126 ANTILOGIA
1755 81 1858 135 167

166 220 238 273 ἂν
277 218 560 289 ἐπενέγκοι
599 220 701 288 τὴν
739 217 940 289 πρᾶξιν
984 226 1059 291 τῷ
1100 223 1343 290 λογισμῷ
1385 217 1446 271 ἐν
1493 217 1714 289 ἐξουσίᾳ
1760 226 1860 271 τοῦ

165 310 427 381 πράττειν
478 311 799 377 γενόμενος,
853 315 952 361 τοῦ
998 306 1191 370 τέλους
1238 308 1300 361 δὲ
1346 308 1447 377 οὐχ
1494 308 1672 376 ἡμεῖς,
1718 307 1751 376 ἡ
1802 305 1862 360 δὲ

177 400 324 468 Τύχη
366 399 546 466 δήπου
594 399 772 467 κυρία.
834 396 939 450 κᾶν
985 397 1057 466 μὴ
1108 405 1202 465 τῆς
1249 397 1469 465 γνώμης
1516 395 1680 459 ἀξίως
1726 393 1862 465 μηδὲ

167 490 307 557 πρὸς
344 489 439 550 τὰς
478 486 702 550 ἐλπίδας
742 485 865 556 ἐπίῃ
904 486 966 538 τὸ
1006 485 1191 554 πέρας,
1232 485 1299 539 οὐ
1338 487 1469 548 τοὺς
1509 485 1862 554 ἀνθρώπους,

166 579 269 646 τὴν
323 574 384 630 δὲ
440 578 676 643 δαίμονα
728 577 1014 628 αἰτιᾶσθαι
1075 576 1339 644 προσήκει
1395 575 1463 627 οὐ
1521 575 1695 643 καλὴν
1748 584 1864 638 τοῖς
1910 596 1930 629 5

158 670 343 728 Ικαλῶς
383 664 677 734 ἠργμένοις
715 664 1115 734 ἐπενηνοχυῖαν
1160 665 1263 732 τὴν
1300 666 1577 732 τελευτήν.
1646 653 1743 716 5οῘ
1771 663 1862 717 καὶ

170 756 334 817 αὐτὸς
371 756 584 822 τοίνυν,
624 750 666 806 ὦ
705 754 900 821 πάτερ,
938 754 1040 822 τὴν
1079 751 1320 822 ἐμαυτοῦ
1360 754 1587 822 γνώμην
1627 755 1863 807 σκοπού-

160 863 349 913 μενος,
389 844 438 896 εῑ
475 844 548 912 μὴ
587 843 779 911 βούλει
819 841 1172 906 συνεξετάσαι
1211 842 1303 895 καὶ
1342 835 1466 896 οἷον
1504 841 1769 896 ἐντεῦθεν
1800 845 1862 898 τὸ

168 933 321 995 τέλος
368 932 668 1000 ἀπήντησε,
716 932 788 1000 μὴ
837 931 1087 984 δύσνουν
1126 931 1267 999 ἡγοῦ
1314 919 1653 1001 μηδὲᾶχαρι
1693 931 1864 1001 μηδὲν

169 1021 372 1092 ἐργάσῃ
410 1022 508 1074 τὸν
552 1021 724 1074 παῖδα
769 1019 896 1090 μηδ’
941 1019 1210 1091 ἐθελήσῃς
1248 1021 1411 1090 δίκην
1451 1022 1754 1090 λαμβάνειν
1786 1017 1864 1074 ὧν
1888 1045 1932 1075 10

168 1113 332 1181 χάριν
369 1109 606 1164 ἐκτίνειν
645 1110 789 1173 εἰκὸς
826 1106 915 1178 ἦν,
955 1107 1074 1164 ἀλλ’
1114 1111 1187 1173 ὡς
1226 1108 1316 1163 καὶ
1349 1111 1447 1174 τὸν
1478 1110 1702 1164 ἄνωθεν
1740 1113 1861 1180 χρό-

167 1221 296 1269 νον,
342 1201 521 1253 καίτοι
569 1203 782 1269 μᾶλλον
827 1198 1017 1270 ἐχρῆν,
1066 1199 1210 1267 ὅμως
1257 1198 1499 1264 ἀσπάζου
1550 1198 1641 1252 καὶ
1695 1201 1866 1253 παῖδα

170 1290 292 1358 λέγε
333 1291 574 1360 χρηστὸν
611 1287 703 1342 καὶ
743 1289 1089 1358 φιλοπάτορα
1126 1287 1218 1342 καὶ
1260 1299 1380 1359 φῶς
1417 1290 1547 1357 βίου
1587 1290 1677 1342 καὶ
1718 1289 1772 1357 ὅ,
1812 1310 1864 1342 τι

168 1394 257 1432 σοι
296 1386 554 1432 τοιοῦτον
595 1377 648 1442 ἐξ
687 1375 858 1441 ἔθους
898 1377 1078 1446 λέγειν
1118 1377 1224 1447 ἐμέ.

279 1466 374 1521 51„
407 1465 540 1521 Ἀλλ’
589 1467 950 1536 αἰσθάνομαι,
990 1464 1032 1520 ὦ
1073 1468 1272 1537 ἄνδρες
1310 1468 1581 1536 δικασταί,
1623 1476 1723 1521 τοῦ
1763 1487 1863 1521 πα-
1889 1489 1932 1522 15

167 1559 296 1628 τρὸς
335 1555 616 1626 ἀφεμένου
656 1554 763 1625 μὲν·
796 1565 1046 1625 σκοπεῖν,
1095 1557 1143 1609 εἰ
1183 1558 1368 1609 δίκαια
1414 1556 1592 1625 λέγων
1629 1557 1662 1626 ἢ
1702 1558 1866 1611 ἄδικα

170 1649 463 1718 φαίνομαι,
509 1646 890 1715 θαυμάζοντος
938 1645 1000 1698 δὲ
1046 1646 1120 1708 ὡς
1166 1644 1408 1715 ἐμαυτοῦ
1454 1647 1719 1715 γενοίμην
1773 1651 1866 1699 λα-

168 1739 440 1806 λίστερος,
495 1736 679 1788 ἔπειτα
738 1733 828 1787 καὶ
881 1734 1083 1788 τούσδε
1136 1736 1267 1797 τοὺς
1320 1733 1485 1804 ἐγγὺς
1541 1734 1865 1805 ἱσταμένους

169 1825 532 1886 διδάσκοντος
573 1824 645 1886 ὡς
691 1822 759 1876 οὐ
801 1823 888 1876 δεῖ
923 1824 1204 1876 πιστεύειν
1249 1821 1385 1891 ἐμοί.
1437 1832 1673 1893 σκῆψις
1719 1826 1863 1894 γάρ,

168 1915 322 1982 φησί,
362 1920 562 1966 ταῦτα
610 1918 693 1983 τῷ
739 1915 1052 1984 μειρακίῳ
1106 1910 1213 1965 καὶ
1266 1912 1657 1983 προσφάτως
1711 1914 1864 1967 ἀνα-
1888 1935 1934 1967 20

168 2001 549 2055 πλασθέντα
594 2001 914 2070 μυθάρια,
970 1999 1319 2070 ἐπειδήπερ
1367 2002 1746 2074 βουλομένῳ
1794 2022 1865 2072 γε

170 2089 430 2160 άληθῶς
460 2097 544 2161 τῷ
575 2088 768 2159 πατρὶ
800 2092 1078 2159 βοηθεῖν
1109 2088 1264 2158 ἐνῆν
1294 2091 1398 2144 καὶ
1431 2092 1638 2154 ἄλλως
1670 2094 1863 2144 τοῦτό

169 2199 239 2247 γε
269 2183 617 2246 μετελθεῖν
648 2177 753 2231 καὶ
786 2180 1418 2248 πραγματεύσασθαι
1458 2181 1574 2248 τὴν
1605 2180 1863 2249 ὑγείαν,

170 2268 251 2330 ὡς
297 2266 375 2321 ἂν
421 2268 702 2336 μάλιστα
747 2267 1036 2335 ἡσθῆναι
1082 2265 1358 2334 ἔμελλον
1404 2267 1509 2321 καὶ
1551 2268 1579 2322 ὁ
1626 2270 1865 2337 ταύτης

169 2355 532 2426 τετυχηκὼς
562 2354 682 2424 ἐγὼ
716 2354 830 2424 οὐχ
865 2355 1030 2409 οὕτω
1065 2360 1483 2425 λυμήνασθαι
1515 2366 1652 2421 τοῖς
1684 2357 1864 2426 ἐμοῖς
1888 2379 1931 2411 25

169 2443 276 2498 καὶ
314 2444 500 2515 μέχρι
531 2445 858 2499 ταλάντου
890 2447 1005 2513 τὴν
1037 2447 1386 2515 συμφορὰν
1416 2457 1863 2515 παρεκτεῖναι,

169 2544 453 2603 πρᾶγμα,
500 2530 542 2587 ὦ
583 2535 844 2602 ἄνδρες,
891 2535 967 2602 νὴ
1008 2535 1124 2602 τὴν
1162 2534 1524 2603 Ἀλήθειαν,
1564 2536 1594 2588 ὅ
1633 2555 1706 2604 με
1756 2534 1862 2588 καὶ

171 2632 392 2691 σαφῶς
415 2623 805 2691 ὑγιαίνοντα
831 2622 1103 2690 ἴσχυσεν
1128 2621 1206 2676 ἂν
1230 2625 1323 2685 εἰς
1340 2622 1555 2676 Ἅιδου
1582 2643 1862 2690 καταγα-

292 2787 315 2826 1
351 2781 572 2841 ἐπενέγκη
599 2784 696 2827 LV
811 2787 835 2826 6
870 2782 1238 2840 ἐπενηνεγμένην
1264 2783 1306 2824 V
1333 2783 1414 2826 sed
1446 2799 1500 2839 γρ
1526 2783 1863 2839 ἐπενηνοχυῐαν

170 2840 220 2884 in
250 2854 384 2897 marg
513 2847 565 2885 11
601 2841 823 2887 ἐκτείνειν
855 2842 899 2885 V
1024 2847 1078 2885 14
1110 2841 1299 2895 ἐξέθους
1328 2842 1370 2885 L
1501 2847 1555 2885 15
1587 2841 1755 2895 ἄνδρες
1788 2855 1864 2885 om

173 2901 216 2943 L
346 2905 400 2943 19
433 2898 479 2944 δ’
513 2901 553 2945 εἰ
578 2902 620 2944 L
744 2905 798 2943 24
832 2897 973 2944 &ov’v
1519 2934 1521 2936 .
