<?xml version="1.0" encoding="UTF-8"?>
<!DOCTYPE html PUBLIC "-//W3C//DTD XHTML 1.0 Transitional//EN"
    "http://www.w3.org/TR/xhtml1/DTD/xhtml1-transitional.dtd">
<html xmlns="http://www.w3.org/1999/xhtml" xml:lang="en" lang="en">
 <head>
  <title>
</title>
<meta http-equiv="Content-Type" content="text/html;charset=utf-8" />
  <meta name='ocr-system' content='tesseract 3.04.00' />
  <meta name='ocr-capabilities' content='ocr_page ocr_carea ocr_par ocr_line ocrx_word'/>
</head>
<body>
  <div class='ocr_page' id='page_1' title='image "./operarecensuitri07libauoft_0289.png"; bbox 0 0 2044 3168; ppageno 0'>
   <div class='ocr_carea' id='block_1_1' title="bbox 518 121 1828 175">
    <p class='ocr_par' dir='ltr' id='par_1_1' title="bbox 518 121 1828 175">
     <span class='ocr_line' id='line_1_1' title="bbox 518 121 1828 175; baseline 0 -7"><span class='ocrx_word' id='word_1_1' title='bbox 518 123 738 168; x_wconf 88' lang='lat' dir='ltr'>DIVITIS</span> <span class='ocrx_word' id='word_1_2' title='bbox 770 123 1078 167; x_wconf 79' lang='lat' dir='ltr'><strong>ADULTEffl</strong></span> <span class='ocrx_word' id='word_1_3' title='bbox 1110 121 1443 167; x_wconf 85' lang='lat' dir='ltr'>ACOUSATIO</span> <span class='ocrx_word' id='word_1_4' title='bbox 1716 124 1828 175; x_wconf 48' lang='lat'><em>271*</em></span> 
     </span>
    </p>
   </div>
   <div class='ocr_carea' id='block_1_2' title="bbox 129 255 1825 418">
    <p class='ocr_par' dir='ltr' id='par_1_2' title="bbox 129 255 1825 418">
     <span class='ocr_line' id='line_1_2' title="bbox 129 255 1823 329; baseline -0.001 -15"><span class='ocrx_word' id='word_1_5' title='bbox 129 262 306 329; x_wconf 80' lang='grc' dir='ltr'><em>ὄνομα</em></span> <span class='ocrx_word' id='word_1_6' title='bbox 345 260 752 327; x_wconf 80' lang='grc' dir='ltr'><strong><em>προστιθέντες.</em></strong></span> <span class='ocrx_word' id='word_1_7' title='bbox 794 259 843 312; x_wconf 87' lang='grc'><em>9.</em></span> <span class='ocrx_word' id='word_1_8' title='bbox 884 256 988 326; x_wconf 81' lang='grc' dir='ltr'><em>ἐγὼ</em></span> <span class='ocrx_word' id='word_1_9' title='bbox 1030 255 1089 311; x_wconf 76' lang='grc' dir='ltr'><em>δὲ</em></span> <span class='ocrx_word' id='word_1_10' title='bbox 1129 259 1228 312; x_wconf 89' lang='grc' dir='ltr'><em>τὸν</em></span> <span class='ocrx_word' id='word_1_11' title='bbox 1267 261 1448 312; x_wconf 86' lang='grc' dir='ltr'><em>πολὺν</em></span> <span class='ocrx_word' id='word_1_12' title='bbox 1486 262 1691 329; x_wconf 86' lang='grc' dir='ltr'><em>χρόνον</em></span> <span class='ocrx_word' id='word_1_13' title='bbox 1730 259 1823 313; x_wconf 88' lang='grc' dir='ltr'><em>οὐ-</em></span> 
     </span>
     <span class='ocr_line' id='line_1_3' title="bbox 129 346 1825 418; baseline 0.001 -17"><span class='ocrx_word' id='word_1_14' title='bbox 129 346 227 402; x_wconf 73' lang='grc' dir='ltr'><em>δὲν</em></span> <span class='ocrx_word' id='word_1_15' title='bbox 266 349 424 411; x_wconf 80' lang='grc' dir='ltr'><em>εἰδὼς</em></span> <span class='ocrx_word' id='word_1_16' title='bbox 465 350 677 418; x_wconf 78' lang='grc' dir='ltr'><em>διῆγον.</em></span> <span class='ocrx_word' id='word_1_17' title='bbox 718 349 845 402; x_wconf 78' lang='grc' dir='ltr'><em>οὔτε</em></span> <span class='ocrx_word' id='word_1_18' title='bbox 885 349 988 416; x_wconf 83' lang='grc' dir='ltr'><em>γὰρ</em></span> <span class='ocrx_word' id='word_1_19' title='bbox 1029 357 1141 400; x_wconf 83' lang='grc' dir='ltr'><em>τῶν</em></span> <span class='ocrx_word' id='word_1_20' title='bbox 1173 346 1393 418; x_wconf 81' lang='grc' dir='ltr'><em>ἐχθρῶν</em></span> <span class='ocrx_word' id='word_1_21' title='bbox 1425 347 1611 411; x_wconf 88' lang='grc' dir='ltr'><em>οὐδεὶς</em></span> <span class='ocrx_word' id='word_1_22' title='bbox 1649 349 1825 411; x_wconf 79' lang='grc' dir='ltr'><em>οὕτως</em></span> 
     </span>
    </p>
   </div>
   <div class='ocr_carea' id='block_1_3' title="bbox 128 434 1838 507">
    <p class='ocr_par' dir='ltr' id='par_1_3' title="bbox 128 434 1920 507">
     <span class='ocr_line' id='line_1_4' title="bbox 128 434 1838 507; baseline -0.001 -16"><span class='ocrx_word' id='word_1_23' title='bbox 128 434 197 505; x_wconf 80' lang='grc' dir='ltr'><em>ἦν</em></span> <span class='ocrx_word' id='word_1_24' title='bbox 244 438 391 507; x_wconf 85' lang='grc' dir='ltr'><em>ὠμὸς</em></span> <span class='ocrx_word' id='word_1_25' title='bbox 440 439 578 491; x_wconf 82' lang='grc' dir='ltr'><em>ὥστε</em></span> <span class='ocrx_word' id='word_1_26' title='bbox 625 437 894 505; x_wconf 77' lang='grc' dir='ltr'><em>ὀνειδίσαι</em></span> <span class='ocrx_word' id='word_1_27' title='bbox 947 438 1280 506; x_wconf 84' lang='grc' dir='ltr'><em>προσελθὼν</em></span> <span class='ocrx_word' id='word_1_28' title='bbox 1332 438 1464 499; x_wconf 89' lang='grc' dir='ltr'><em>τούς</em></span> <span class='ocrx_word' id='word_1_29' title='bbox 1518 457 1575 490; x_wconf 89' lang='grc' dir='ltr'><em>τε</em></span> <span class='ocrx_word' id='word_1_30' title='bbox 1623 439 1838 506; x_wconf 84' lang='grc' dir='ltr'><em>φίλους</em></span> 
     </span>
    </p>
   </div>
   <div class='ocr_carea' id='block_1_4' title="bbox 69 522 1828 1932">
    <p class='ocr_par' dir='ltr' id='par_1_4' title="bbox 69 522 1828 1932">
     <span class='ocr_line' id='line_1_5' title="bbox 129 522 1825 595; baseline -0.002 -15"><span class='ocrx_word' id='word_1_31' title='bbox 129 529 290 590; x_wconf 82' lang='grc' dir='ltr'><strong>ὄκνος</strong></span> <span class='ocrx_word' id='word_1_32' title='bbox 331 522 436 595; x_wconf 87' lang='grc' dir='ltr'><em>εἶχε</em></span> <span class='ocrx_word' id='word_1_33' title='bbox 480 527 747 579; x_wconf 82' lang='grc' dir='ltr'><em>τοιούτων</em></span> <span class='ocrx_word' id='word_1_34' title='bbox 787 524 1055 594; x_wconf 78' lang='grc' dir='ltr'><em>ἀγγέλους</em></span> <span class='ocrx_word' id='word_1_35' title='bbox 1095 524 1375 593; x_wconf 84' lang='grc' dir='ltr'><em>γενέσθαι.</em></span> <span class='ocrx_word' id='word_1_36' title='bbox 1423 532 1517 593; x_wconf 89' lang='grc' dir='ltr'><em>τῆς</em></span> <span class='ocrx_word' id='word_1_37' title='bbox 1550 529 1732 595; x_wconf 81' lang='grc' dir='ltr'><em>φήμης</em></span> <span class='ocrx_word' id='word_1_38' title='bbox 1765 523 1825 578; x_wconf 71' lang='grc' dir='ltr'><em>δὲ</em></span> 
     </span>
     <span class='ocr_line' id='line_1_6' title="bbox 129 612 1824 721; baseline -0.001 -52"><span class='ocrx_word' id='word_1_39' title='bbox 129 615 432 685; x_wconf 81' lang='grc' dir='ltr'><em>αὐξομένης</em></span> <span class='ocrx_word' id='word_1_40' title='bbox 470 614 561 668; x_wconf 86' lang='grc' dir='ltr'><em>καὶ</em></span> <span class='ocrx_word' id='word_1_41' title='bbox 601 623 696 683; x_wconf 92' lang='grc' dir='ltr'><em>τῆς</em></span> <span class='ocrx_word' id='word_1_42' title='bbox 735 615 1000 721; x_wconf 82' lang='grc' dir='ltr'><em>αἰσχύνης</em></span> <span class='ocrx_word' id='word_1_43' title='bbox 1039 615 1357 684; x_wconf 85' lang='grc' dir='ltr'><em>ὑπερβολὴν</em></span> <span class='ocrx_word' id='word_1_44' title='bbox 1401 613 1634 683; x_wconf 86' lang='grc' dir='ltr'><em>ἐχούσης</em></span> <span class='ocrx_word' id='word_1_45' title='bbox 1672 612 1824 678; x_wconf 77' lang='grc' dir='ltr'><em>ἔδοξε</em></span> 
     </span>
     <span class='ocr_line' id='line_1_7' title="bbox 128 697 1825 774; baseline -0.001 -17"><span class='ocrx_word' id='word_1_46' title='bbox 128 714 243 766; x_wconf 82' lang='grc' dir='ltr'><em>τοῖς</em></span> <span class='ocrx_word' id='word_1_47' title='bbox 291 704 619 774; x_wconf 80' lang='grc' dir='ltr'><em>ἐπιτηδείοις</em></span> <span class='ocrx_word' id='word_1_48' title='bbox 668 714 783 765; x_wconf 80' lang='grc' dir='ltr'><em>τοῖς</em></span> <span class='ocrx_word' id='word_1_49' title='bbox 823 702 974 772; x_wconf 80' lang='grc' dir='ltr'><em>ἐμοῖς</em></span> <span class='ocrx_word' id='word_1_50' title='bbox 1014 703 1204 756; x_wconf 90' lang='grc' dir='ltr'><em>δεινὸν</em></span> <span class='ocrx_word' id='word_1_51' title='bbox 1248 697 1389 756; x_wconf 83' lang='grc' dir='ltr'><em>εἶναι</em></span> <span class='ocrx_word' id='word_1_52' title='bbox 1428 702 1685 771; x_wconf 82' lang='grc' dir='ltr'><em>μηδέποτ’</em></span> <span class='ocrx_word' id='word_1_53' title='bbox 1733 700 1825 772; x_wconf 88' lang='grc' dir='ltr'><em>έμε</em></span> 
     </span>
     <span class='ocr_line' id='line_1_8' title="bbox 130 790 1825 862; baseline -0.001 -16"><span class='ocrx_word' id='word_1_54' title='bbox 130 801 299 846; x_wconf 90' lang='grc' dir='ltr'><em>ταῦτα</em></span> <span class='ocrx_word' id='word_1_55' title='bbox 338 793 625 846; x_wconf 80' lang='grc' dir='ltr'><em>πυθέσθαι</em></span> <span class='ocrx_word' id='word_1_56' title='bbox 674 791 764 845; x_wconf 77' lang='grc' dir='ltr'><em>καὶ</em></span> <span class='ocrx_word' id='word_1_57' title='bbox 813 794 1224 862; x_wconf 76' lang='grc' dir='ltr'><em>προσελθόντες</em></span> <span class='ocrx_word' id='word_1_58' title='bbox 1271 790 1360 845; x_wconf 81' lang='grc' dir='ltr'><em>καὶ</em></span> <span class='ocrx_word' id='word_1_59' title='bbox 1407 791 1709 859; x_wconf 80' lang='grc' dir='ltr'><em>βλέψαντες</em></span> <span class='ocrx_word' id='word_1_60' title='bbox 1749 793 1825 855; x_wconf 85' lang='grc' dir='ltr'><em>εἰς</em></span> 
     </span>
     <span class='ocr_line' id='line_1_9' title="bbox 129 877 1824 951; baseline -0.001 -16"><span class='ocrx_word' id='word_1_61' title='bbox 129 890 234 950; x_wconf 88' lang='grc' dir='ltr'><em>γῆν</em></span> <span class='ocrx_word' id='word_1_62' title='bbox 287 881 377 935; x_wconf 82' lang='grc' dir='ltr'><em>καὶ</em></span> <span class='ocrx_word' id='word_1_63' title='bbox 427 884 750 950; x_wconf 86' lang='grc' dir='ltr'><em>σιγησαντες</em></span> <span class='ocrx_word' id='word_1_64' title='bbox 805 882 1007 950; x_wconf 88' lang='grc' dir='ltr'><em>χρόνον</em></span> <span class='ocrx_word' id='word_1_65' title='bbox 1053 882 1180 933; x_wconf 88' lang='grc' dir='ltr'><em>τινα</em></span> <span class='ocrx_word' id='word_1_66' title='bbox 1219 901 1308 934; x_wconf 87' lang='grc' dir='ltr'><em>και</em></span> <span class='ocrx_word' id='word_1_67' title='bbox 1350 882 1738 951; x_wconf 77' lang='grc' dir='ltr'><em>δακρύσαντες,</em></span> <span class='ocrx_word' id='word_1_68' title='bbox 1783 877 1824 932; x_wconf 85' lang='grc' dir='ltr'><strong>ὦ</strong></span> 
     </span>
     <span class='ocr_line' id='line_1_10' title="bbox 128 969 1822 1040; baseline -0.001 -16"><span class='ocrx_word' id='word_1_69' title='bbox 128 971 451 1040; x_wconf 87' lang='grc' dir='ltr'><em>βέλτιστε,</em></span> <span class='ocrx_word' id='word_1_70' title='bbox 493 973 706 1039; x_wconf 78' lang='grc' dir='ltr'><em>ἔλεγον,</em></span> <span class='ocrx_word' id='word_1_71' title='bbox 758 969 892 1024; x_wconf 79' lang='grc' dir='ltr'><em>ἔδει</em></span> <span class='ocrx_word' id='word_1_72' title='bbox 933 990 1049 1039; x_wconf 90' lang='grc' dir='ltr'><em>μεν</em></span> <span class='ocrx_word' id='word_1_73' title='bbox 1087 971 1248 1039; x_wconf 82' lang='grc' dir='ltr'><em>ἡμᾶς</em></span> <span class='ocrx_word' id='word_1_74' title='bbox 1287 970 1528 1040; x_wconf 83' lang='grc' dir='ltr'><em>ἀμείνω</em></span> <span class='ocrx_word' id='word_1_75' title='bbox 1571 985 1674 1023; x_wconf 92' lang='grc' dir='ltr'><em>σοι</em></span> <span class='ocrx_word' id='word_1_76' title='bbox 1713 991 1822 1039; x_wconf 89' lang='grc' dir='ltr'><em>μη-</em></span> 
     </span>
     <span class='ocr_line' id='line_1_11' title="bbox 130 1056 1823 1129; baseline -0.001 -16"><span class='ocrx_word' id='word_1_77' title='bbox 130 1062 316 1127; x_wconf 87' lang='grc' dir='ltr'><em>νύειν</em></span> <span class='ocrx_word' id='word_1_78' title='bbox 357 1062 555 1128; x_wconf 82' lang='grc' dir='ltr'><em>ἔχειν,</em></span> <span class='ocrx_word' id='word_1_79' title='bbox 595 1069 721 1112; x_wconf 80' lang='grc' dir='ltr'><em>τῶν</em></span> <span class='ocrx_word' id='word_1_80' title='bbox 760 1059 1158 1129; x_wconf 75' lang='grc' dir='ltr'><em>πραγμάτων</em></span> <span class='ocrx_word' id='word_1_81' title='bbox 1198 1056 1265 1112; x_wconf 75' lang='grc' dir='ltr'><em>δὲ</em></span> <span class='ocrx_word' id='word_1_82' title='bbox 1306 1060 1379 1112; x_wconf 86' lang='grc' dir='ltr'><em>οὐ</em></span> <span class='ocrx_word' id='word_1_83' title='bbox 1419 1067 1693 1112; x_wconf 88' lang='grc' dir='ltr'><em>τοιαῦτα</em></span> <span class='ocrx_word' id='word_1_84' title='bbox 1733 1060 1823 1112; x_wconf 93' lang='grc' dir='ltr'><em>δι-</em></span> 
     </span>
     <span class='ocr_line' id='line_1_12' title="bbox 69 1146 1824 1218; baseline 0 -17"><span class='ocrx_word' id='word_1_85' title='bbox 69 1205 74 1209; x_wconf 61' lang='grc'><em>,</em></span> <span class='ocrx_word' id='word_1_86' title='bbox 130 1151 382 1202; x_wconf 88' lang='grc' dir='ltr'><em>δόντων</em></span> <span class='ocrx_word' id='word_1_87' title='bbox 422 1149 522 1202; x_wconf 82' lang='grc' dir='ltr'><em>ὅτι</em></span> <span class='ocrx_word' id='word_1_88' title='bbox 561 1146 678 1215; x_wconf 79' lang='grc' dir='ltr'><em>μὲν</em></span> <span class='ocrx_word' id='word_1_89' title='bbox 717 1151 1095 1218; x_wconf 77' lang='grc' dir='ltr'><em>λυπήσομέν</em></span> <span class='ocrx_word' id='word_1_90' title='bbox 1139 1150 1436 1211; x_wconf 88' lang='grc' dir='ltr'><em>εἰπόντες</em></span> <span class='ocrx_word' id='word_1_91' title='bbox 1476 1149 1593 1201; x_wconf 86' lang='grc' dir='ltr'><em>οὐκ</em></span> <span class='ocrx_word' id='word_1_92' title='bbox 1633 1149 1824 1215; x_wconf 86' lang='grc' dir='ltr'><em>ἀγνο-</em></span> 
     </span>
     <span class='ocr_line' id='line_1_13' title="bbox 130 1236 1826 1307; baseline -0.001 -16"><span class='ocrx_word' id='word_1_93' title='bbox 130 1247 353 1305; x_wconf 86' lang='grc' dir='ltr'><em>οῦμεν,</em></span> <span class='ocrx_word' id='word_1_94' title='bbox 402 1240 615 1291; x_wconf 85' lang='grc' dir='ltr'><em>εἰπεῖν</em></span> <span class='ocrx_word' id='word_1_95' title='bbox 664 1236 711 1290; x_wconf 86' lang='grc' dir='ltr'><em>δ’</em></span> <span class='ocrx_word' id='word_1_96' title='bbox 760 1237 837 1290; x_wconf 78' lang='grc' dir='ltr'><em>ἂν</em></span> <span class='ocrx_word' id='word_1_97' title='bbox 884 1243 980 1306; x_wconf 90' lang='grc' dir='ltr'><em>εἰή</em></span> <span class='ocrx_word' id='word_1_98' title='bbox 1033 1241 1283 1304; x_wconf 81' lang='grc' dir='ltr'><em>μᾶλλον</em></span> <span class='ocrx_word' id='word_1_99' title='bbox 1321 1237 1354 1306; x_wconf 76' lang='grc' dir='ltr'>ἢ</span> <span class='ocrx_word' id='word_1_100' title='bbox 1395 1246 1660 1307; x_wconf 80' lang='grc' dir='ltr'><em>σιγῆσαι</em></span> <span class='ocrx_word' id='word_1_101' title='bbox 1699 1246 1826 1290; x_wconf 83' lang='grc' dir='ltr'><em>τῶν</em></span> 
     </span>
     <span class='ocr_line' id='line_1_14' title="bbox 130 1323 1824 1398; baseline -0.002 -17"><span class='ocrx_word' id='word_1_102' title='bbox 130 1331 354 1398; x_wconf 84' lang='grc' dir='ltr'><em>φίλων.</em></span> <span class='ocrx_word' id='word_1_103' title='bbox 395 1326 484 1379; x_wconf 84' lang='grc' dir='ltr'><em>καὶ</em></span> <span class='ocrx_word' id='word_1_104' title='bbox 526 1323 813 1398; x_wconf 75' lang='grc' dir='ltr'><em>διεξῄεσαν</em></span> <span class='ocrx_word' id='word_1_105' title='bbox 852 1327 920 1395; x_wconf 87' lang='grc' dir='ltr'><em>δὴ</em></span> <span class='ocrx_word' id='word_1_106' title='bbox 956 1334 1126 1379; x_wconf 86' lang='grc' dir='ltr'><em>ταῦτα</em></span> <span class='ocrx_word' id='word_1_107' title='bbox 1161 1325 1192 1378; x_wconf 76' lang='grc' dir='ltr'>ἃ</span> <span class='ocrx_word' id='word_1_108' title='bbox 1226 1334 1333 1379; x_wconf 90' lang='grc' dir='ltr'><em>νῦν</em></span> <span class='ocrx_word' id='word_1_109' title='bbox 1366 1327 1471 1395; x_wconf 88' lang='grc' dir='ltr'><em>ἐγὼ</em></span> <span class='ocrx_word' id='word_1_110' title='bbox 1503 1328 1640 1397; x_wconf 90' lang='grc' dir='ltr'><em>πρὸς</em></span> <span class='ocrx_word' id='word_1_111' title='bbox 1670 1327 1824 1394; x_wconf 84' lang='grc' dir='ltr'><em>ὑμᾶς.</em></span> 
     </span>
     <span class='ocr_line' id='line_1_15' title="bbox 132 1411 1827 1486; baseline -0.001 -17"><span class='ocrx_word' id='word_1_112' title='bbox 132 1417 214 1470; x_wconf 87' lang='grc'><em>10.</em></span> <span class='ocrx_word' id='word_1_113' title='bbox 256 1417 326 1479; x_wconf 84' lang='grc' dir='ltr'><em>ὡς</em></span> <span class='ocrx_word' id='word_1_114' title='bbox 373 1413 473 1486; x_wconf 74' lang='grc' dir='ltr'><em>μὲν</em></span> <span class='ocrx_word' id='word_1_115' title='bbox 522 1411 627 1469; x_wconf 85' lang='grc' dir='ltr'><em>οὖν</em></span> <span class='ocrx_word' id='word_1_116' title='bbox 674 1414 896 1484; x_wconf 80' lang='grc' dir='ltr'><em>ἐξέστην</em></span> <span class='ocrx_word' id='word_1_117' title='bbox 944 1415 1184 1482; x_wconf 82' lang='grc' dir='ltr'><em>ἐμαυτοῦ</em></span> <span class='ocrx_word' id='word_1_118' title='bbox 1236 1415 1326 1469; x_wconf 85' lang='grc' dir='ltr'><em>καὶ</em></span> <span class='ocrx_word' id='word_1_119' title='bbox 1367 1417 1440 1479; x_wconf 83' lang='grc' dir='ltr'><em>ὡς</em></span> <span class='ocrx_word' id='word_1_120' title='bbox 1477 1415 1827 1485; x_wconf 81' lang='grc' dir='ltr'><em>κατηνέχθην</em></span> 
     </span>
     <span class='ocr_line' id='line_1_16' title="bbox 129 1504 1826 1574; baseline -0.001 -15"><span class='ocrx_word' id='word_1_121' title='bbox 129 1506 368 1568; x_wconf 83' lang='grc' dir='ltr'><em>ἀκούσας</em></span> <span class='ocrx_word' id='word_1_122' title='bbox 407 1507 606 1574; x_wconf 84' lang='grc' dir='ltr'><em>μικρὸν</em></span> <span class='ocrx_word' id='word_1_123' title='bbox 647 1504 863 1574; x_wconf 79' lang='grc' dir='ltr'><em>ἀπέχων</em></span> <span class='ocrx_word' id='word_1_124' title='bbox 894 1514 1125 1573; x_wconf 82' lang='grc' dir='ltr'><em>μανιῶν,</em></span> <span class='ocrx_word' id='word_1_125' title='bbox 1167 1510 1352 1558; x_wconf 81' lang='grc' dir='ltr'><em>ἴσασιν</em></span> <span class='ocrx_word' id='word_1_126' title='bbox 1386 1506 1443 1558; x_wconf 75' lang='grc' dir='ltr'><em>οἱ</em></span> <span class='ocrx_word' id='word_1_127' title='bbox 1470 1507 1591 1558; x_wconf 89' lang='grc' dir='ltr'><em>τότε</em></span> <span class='ocrx_word' id='word_1_128' title='bbox 1622 1506 1826 1574; x_wconf 90' lang='grc' dir='ltr'><em>παρόν-</em></span> 
     </span>
     <span class='ocr_line' id='line_1_17' title="bbox 131 1590 1827 1663; baseline -0.001 -16"><span class='ocrx_word' id='word_1_129' title='bbox 131 1615 241 1663; x_wconf 85' lang='grc' dir='ltr'><em>τες,</em></span> <span class='ocrx_word' id='word_1_130' title='bbox 295 1596 452 1663; x_wconf 87' lang='grc' dir='ltr'><em>μόλις</em></span> <span class='ocrx_word' id='word_1_131' title='bbox 508 1593 555 1647; x_wconf 92' lang='grc' dir='ltr'><em>δ’</em></span> <span class='ocrx_word' id='word_1_132' title='bbox 612 1590 715 1646; x_wconf 85' lang='grc' dir='ltr'><em>οὖν</em></span> <span class='ocrx_word' id='word_1_133' title='bbox 771 1592 855 1647; x_wconf 87' lang='grc' dir='ltr'><em>ἐπ’</em></span> <span class='ocrx_word' id='word_1_134' title='bbox 907 1593 1146 1661; x_wconf 84' lang='grc' dir='ltr'><em>ἐμαυτοῦ</em></span> <span class='ocrx_word' id='word_1_135' title='bbox 1202 1598 1498 1662; x_wconf 85' lang='grc' dir='ltr'><em>γενόμενος</em></span> <span class='ocrx_word' id='word_1_136' title='bbox 1553 1593 1827 1647; x_wconf 81' lang='grc' dir='ltr'><em>ἐσκόπουν</em></span> 
     </span>
     <span class='ocr_line' id='line_1_18' title="bbox 130 1683 1825 1755; baseline 0 -19"><span class='ocrx_word' id='word_1_137' title='bbox 130 1684 276 1746; x_wconf 82' lang='grc' dir='ltr'><em>ὅπως</em></span> <span class='ocrx_word' id='word_1_138' title='bbox 324 1683 394 1737; x_wconf 79' lang='grc' dir='ltr'><em>ἂν</em></span> <span class='ocrx_word' id='word_1_139' title='bbox 442 1691 642 1736; x_wconf 88' lang='grc' dir='ltr'><em>τοῦτον</em></span> <span class='ocrx_word' id='word_1_140' title='bbox 690 1683 721 1751; x_wconf 72' lang='grc' dir='ltr'>ἢ</span> <span class='ocrx_word' id='word_1_141' title='bbox 771 1683 1084 1751; x_wconf 85' lang='grc' dir='ltr'><em>ἀμυναίμην</em></span> <span class='ocrx_word' id='word_1_142' title='bbox 1131 1683 1163 1751; x_wconf 79' lang='grc' dir='ltr'>ἢ</span> <span class='ocrx_word' id='word_1_143' title='bbox 1210 1689 1284 1755; x_wconf 77' lang='grc' dir='ltr'><em>τῷ</em></span> <span class='ocrx_word' id='word_1_144' title='bbox 1333 1685 1490 1755; x_wconf 75' lang='grc' dir='ltr'><em>φόβῳ</em></span> <span class='ocrx_word' id='word_1_145' title='bbox 1538 1686 1825 1752; x_wconf 81' lang='grc' dir='ltr'><em>ποιήσαιμι</em></span> 
     </span>
     <span class='ocr_line' id='line_1_19' title="bbox 131 1772 1827 1842; baseline 0 -17"><span class='ocrx_word' id='word_1_146' title='bbox 131 1775 352 1841; x_wconf 83' lang='grc' dir='ltr'><em>βελτίω,</em></span> <span class='ocrx_word' id='word_1_147' title='bbox 414 1773 506 1825; x_wconf 82' lang='grc' dir='ltr'><em>καὶ</em></span> <span class='ocrx_word' id='word_1_148' title='bbox 561 1774 911 1838; x_wconf 83' lang='grc' dir='ltr'><em>λογιζόμενος</em></span> <span class='ocrx_word' id='word_1_149' title='bbox 966 1772 1225 1842; x_wconf 79' lang='grc' dir='ltr'><em>εὕρισκον</em></span> <span class='ocrx_word' id='word_1_150' title='bbox 1280 1773 1377 1825; x_wconf 89' lang='grc' dir='ltr'><em>τὸν</em></span> <span class='ocrx_word' id='word_1_151' title='bbox 1437 1776 1567 1834; x_wconf 87' lang='grc' dir='ltr'><em>τοὺς</em></span> <span class='ocrx_word' id='word_1_152' title='bbox 1620 1775 1827 1840; x_wconf 88' lang='grc' dir='ltr'><em>νόμους</em></span> 
     </span>
     <span class='ocr_line' id='line_1_20' title="bbox 132 1859 1828 1932; baseline 0.001 -19"><span class='ocrx_word' id='word_1_153' title='bbox 132 1861 192 1914; x_wconf 89' lang='grc' dir='ltr'><em>ἐν</em></span> <span class='ocrx_word' id='word_1_154' title='bbox 247 1861 384 1932; x_wconf 73' lang='grc' dir='ltr'><em>ἀρχῇ</em></span> <span class='ocrx_word' id='word_1_155' title='bbox 439 1863 726 1914; x_wconf 83' lang='grc' dir='ltr'><em>τεθεικότα</em></span> <span class='ocrx_word' id='word_1_156' title='bbox 780 1869 844 1930; x_wconf 74' lang='grc' dir='ltr'><em>τῇ</em></span> <span class='ocrx_word' id='word_1_157' title='bbox 897 1863 1056 1914; x_wconf 88' lang='grc' dir='ltr'><em>πόλει</em></span> <span class='ocrx_word' id='word_1_158' title='bbox 1109 1862 1175 1914; x_wconf 84' lang='grc' dir='ltr'><em>τὰ</em></span> <span class='ocrx_word' id='word_1_159' title='bbox 1228 1859 1331 1928; x_wconf 74' lang='grc' dir='ltr'><em>μὲν</em></span> <span class='ocrx_word' id='word_1_160' title='bbox 1384 1862 1521 1914; x_wconf 79' lang='grc' dir='ltr'><em>ἄλλα</em></span> <span class='ocrx_word' id='word_1_161' title='bbox 1576 1862 1828 1914; x_wconf 88' lang='grc' dir='ltr'><em>διελόντα</em></span> 
     </span>
    </p>
   </div>
   <div class='ocr_carea' id='block_1_5' title="bbox 131 1942 1870 2020">
    <p class='ocr_par' dir='ltr' id='par_1_5' title="bbox 131 1942 1870 2020">
     <span class='ocr_line' id='line_1_21' title="bbox 131 1942 1870 2020; baseline -0.001 -17"><span class='ocrx_word' id='word_1_162' title='bbox 131 1954 309 2012; x_wconf 81' lang='grc' dir='ltr'><em>καλῶς</em></span> <span class='ocrx_word' id='word_1_163' title='bbox 347 1949 437 2002; x_wconf 85' lang='grc' dir='ltr'><em>καὶ</em></span> <span class='ocrx_word' id='word_1_164' title='bbox 486 1970 581 2012; x_wconf 90' lang='grc' dir='ltr'><em>τας</em></span> <span class='ocrx_word' id='word_1_165' title='bbox 627 1970 684 2002; x_wconf 87' lang='grc' dir='ltr'><em>τε</em></span> <span class='ocrx_word' id='word_1_166' title='bbox 732 1949 926 2019; x_wconf 76' lang='grc' dir='ltr'><em>ἀρετὰς</em></span> <span class='ocrx_word' id='word_1_167' title='bbox 966 1942 999 2020; x_wconf 74' lang='grc' dir='ltr'><strong><em>ᾗ</em></strong></span> <span class='ocrx_word' id='word_1_168' title='bbox 1039 1958 1178 2019; x_wconf 83' lang='grc' dir='ltr'><em>χρῆν</em></span> <span class='ocrx_word' id='word_1_169' title='bbox 1224 1952 1544 2019; x_wconf 82' lang='grc' dir='ltr'><em>τετιμηκότα</em></span> <span class='ocrx_word' id='word_1_170' title='bbox 1582 1951 1672 2003; x_wconf 81' lang='grc' dir='ltr'><em>καὶ</em></span> <span class='ocrx_word' id='word_1_171' title='bbox 1711 1960 1870 2012; x_wconf 67' lang='grc' dir='ltr'><em>τοῐςε</em></span> 
     </span>
    </p>
   </div>
   <div class='ocr_carea' id='block_1_6' title="bbox 132 2038 1826 2108">
    <p class='ocr_par' dir='ltr' id='par_1_6' title="bbox 132 2038 1826 2108">
     <span class='ocr_line' id='line_1_22' title="bbox 132 2038 1826 2108; baseline 0.001 -17"><span class='ocrx_word' id='word_1_172' title='bbox 132 2041 196 2091; x_wconf 85' lang='grc' dir='ltr'><em>τὰ</em></span> <span class='ocrx_word' id='word_1_173' title='bbox 254 2041 390 2092; x_wconf 75' lang='grc' dir='ltr'><em>ἄλλα</em></span> <span class='ocrx_word' id='word_1_174' title='bbox 439 2038 730 2091; x_wconf 86' lang='grc' dir='ltr'><em>ἀδικοῦσιν</em></span> <span class='ocrx_word' id='word_1_175' title='bbox 778 2039 845 2090; x_wconf 84' lang='grc' dir='ltr'><em>οὐ</em></span> <span class='ocrx_word' id='word_1_176' title='bbox 891 2048 1070 2101; x_wconf 84' lang='grc' dir='ltr'><em>κακῶς</em></span> <span class='ocrx_word' id='word_1_177' title='bbox 1124 2040 1661 2108; x_wconf 85' lang='grc' dir='ltr'><em>προσενηνεγμένον,</em></span> <span class='ocrx_word' id='word_1_178' title='bbox 1712 2048 1826 2101; x_wconf 85' lang='grc' dir='ltr'><em>τοῖς</em></span> 
     </span>
    </p>
   </div>
   <div class='ocr_carea' id='block_1_7' title="bbox 290 2123 486 2127">
    <p class='ocr_par' dir='ltr' id='par_1_7' title="bbox 290 2123 486 2127">
     <span class='ocr_line' id='line_1_23' title="bbox 290 2123 486 2127; baseline 0 0"><span class='ocrx_word' id='word_1_179' title='bbox 290 2123 486 2127; x_wconf 95' lang='lat' dir='ltr'><em> </em></span> 
     </span>
    </p>
   </div>
   <div class='ocr_carea' id='block_1_8' title="bbox 132 2140 1828 2789">
    <p class='ocr_par' dir='ltr' id='par_1_8' title="bbox 132 2140 1828 2789">
     <span class='ocr_line' id='line_1_24' title="bbox 255 2140 1708 2197; baseline -0.001 -13"><span class='ocrx_word' id='word_1_180' title='bbox 255 2147 275 2184; x_wconf 99' lang='grc'>1</span> <span class='ocrx_word' id='word_1_181' title='bbox 314 2140 460 2196; x_wconf 84' lang='grc' dir='ltr'><em>ὄνομα</em></span> <span class='ocrx_word' id='word_1_182' title='bbox 496 2155 571 2183; x_wconf 91' lang='lat' dir='ltr'><em>om</em></span> <span class='ocrx_word' id='word_1_183' title='bbox 600 2142 688 2183; x_wconf 87' lang='lat' dir='ltr'><em>Ma</em></span> <span class='ocrx_word' id='word_1_184' title='bbox 810 2144 834 2182; x_wconf 81' lang='lat'><strong>2</strong></span> <span class='ocrx_word' id='word_1_185' title='bbox 869 2140 1024 2190; x_wconf 84' lang='grc' dir='ltr'><em>οὐδεὶς</em></span> <span class='ocrx_word' id='word_1_186' title='bbox 1053 2141 1239 2197; x_wconf 84' lang='lat' dir='ltr'>reposui</span> <span class='ocrx_word' id='word_1_187' title='bbox 1273 2154 1297 2184; x_wconf 85' lang='lat' dir='ltr'>e</span> <span class='ocrx_word' id='word_1_188' title='bbox 1321 2140 1455 2185; x_wconf 85' lang='lat' dir='ltr'>libris</span> <span class='ocrx_word' id='word_1_189' title='bbox 1516 2158 1585 2192; x_wconf 87' lang='grc' dir='ltr'><em>τις</em></span> <span class='ocrx_word' id='word_1_190' title='bbox 1617 2142 1708 2185; x_wconf 87' lang='lat' dir='ltr'><em>edd</em></span> 
     </span>
     <span class='ocr_line' id='line_1_25' title="bbox 134 2197 1825 2256; baseline 0.001 -14"><span class='ocrx_word' id='word_1_191' title='bbox 134 2204 159 2242; x_wconf 85' lang='lat'>5</span> <span class='ocrx_word' id='word_1_192' title='bbox 193 2197 241 2243; x_wconf 85' lang='grc' dir='ltr'><em>δ’</em></span> <span class='ocrx_word' id='word_1_193' title='bbox 278 2199 598 2255; x_wconf 81' lang='grc' dir='ltr'><em>αὐξανομένης</em></span> <span class='ocrx_word' id='word_1_194' title='bbox 624 2201 697 2243; x_wconf 88' lang='lat' dir='ltr'><em>La</em></span> <span class='ocrx_word' id='word_1_195' title='bbox 732 2199 812 2242; x_wconf 88' lang='lat' dir='ltr'><em>sed</em></span> <span class='ocrx_word' id='word_1_196' title='bbox 844 2199 894 2252; x_wconf 82' lang='grc' dir='ltr'><em>ξο</em></span> <span class='ocrx_word' id='word_1_197' title='bbox 928 2214 1070 2256; x_wconf 81' lang='lat' dir='ltr'><strong>supra</strong></span> <span class='ocrx_word' id='word_1_198' title='bbox 1100 2201 1212 2253; x_wconf 79' lang='grc' dir='ltr'><em>ξανο</em></span> <span class='ocrx_word' id='word_1_199' title='bbox 1245 2214 1267 2244; x_wconf 78' lang='lat' dir='ltr'><strong><em>s</em></strong></span> <span class='ocrx_word' id='word_1_200' title='bbox 1388 2204 1413 2242; x_wconf 87' lang='grc'>6</span> <span class='ocrx_word' id='word_1_201' title='bbox 1445 2207 1542 2250; x_wconf 85' lang='grc' dir='ltr'><em>τοῖς</em></span> <span class='ocrx_word' id='word_1_202' title='bbox 1573 2200 1698 2256; x_wconf 83' lang='grc' dir='ltr'><em>ἐμοῖς</em></span> <span class='ocrx_word' id='word_1_203' title='bbox 1728 2201 1825 2244; x_wconf 84' lang='grc' dir='ltr'><em>ἐπι-</em></span> 
     </span>
     <span class='ocr_line' id='line_1_26' title="bbox 132 2257 1826 2317; baseline 0 -15"><span class='ocrx_word' id='word_1_204' title='bbox 132 2257 336 2315; x_wconf 81' lang='grc' dir='ltr'><em>τηδειόις</em></span> <span class='ocrx_word' id='word_1_205' title='bbox 360 2260 552 2304; x_wconf 79' lang='lat' dir='ltr'><em>MaGlB</em></span> <span class='ocrx_word' id='word_1_206' title='bbox 568 2260 634 2303; x_wconf 89' lang='lat' dir='ltr'><em>Va</em></span> <span class='ocrx_word' id='word_1_207' title='bbox 676 2263 682 2315; x_wconf 94' lang='grc' dir='ltr'>Ι</span> <span class='ocrx_word' id='word_1_208' title='bbox 732 2258 907 2314; x_wconf 84' lang='grc' dir='ltr'><em>μήποτε</em></span> <span class='ocrx_word' id='word_1_209' title='bbox 931 2260 1022 2303; x_wconf 90' lang='lat' dir='ltr'><em>Ma</em></span> <span class='ocrx_word' id='word_1_210' title='bbox 1054 2259 1135 2303; x_wconf 82' lang='lat' dir='ltr'><em>sed</em></span> <span class='ocrx_word' id='word_1_211' title='bbox 1168 2276 1222 2316; x_wconf 87' lang='grc' dir='ltr'><em>γρ</em></span> <span class='ocrx_word' id='word_1_212' title='bbox 1255 2258 1484 2315; x_wconf 70' lang='grc' dir='ltr'><em>μηδέποτέ</em></span> <span class='ocrx_word' id='word_1_213' title='bbox 1514 2260 1563 2302; x_wconf 90' lang='lat' dir='ltr'><em>in</em></span> <span class='ocrx_word' id='word_1_214' title='bbox 1595 2274 1728 2317; x_wconf 80' lang='lat' dir='ltr'>marg</span> <span class='ocrx_word' id='word_1_215' title='bbox 1758 2258 1826 2301; x_wconf 82' lang='lat' dir='ltr'><em>m²</em></span> 
     </span>
     <span class='ocr_line' id='line_1_27' title="bbox 193 2315 1826 2375; baseline 0.001 -15"><span class='ocrx_word' id='word_1_216' title='bbox 193 2317 421 2374; x_wconf 81' lang='grc' dir='ltr'><em>μηδέποτε</em></span> <span class='ocrx_word' id='word_1_217' title='bbox 453 2318 623 2374; x_wconf 87' lang='lat' dir='ltr'>reliqui</span> <span class='ocrx_word' id='word_1_218' title='bbox 654 2317 764 2361; x_wconf 84' lang='lat' dir='ltr'>libri</span> <span class='ocrx_word' id='word_1_219' title='bbox 795 2317 877 2361; x_wconf 80' lang='lat' dir='ltr'><strong>sed.</strong></span> <span class='ocrx_word' id='word_1_220' title='bbox 901 2321 994 2373; x_wconf 80' lang='grc' dir='ltr'><em>ε(2)</em></span> <span class='ocrx_word' id='word_1_221' title='bbox 1019 2315 1101 2361; x_wconf 87' lang='lat' dir='ltr'><em>in&#39;</em></span> <span class='ocrx_word' id='word_1_222' title='bbox 1130 2333 1232 2362; x_wconf 81' lang='lat' dir='ltr'>corr</span> <span class='ocrx_word' id='word_1_223' title='bbox 1259 2318 1347 2371; x_wconf 78' lang='lat'><em>01³,</em></span> <span class='ocrx_word' id='word_1_224' title='bbox 1378 2318 1468 2361; x_wconf 79' lang='lat' dir='ltr'><em>edd</em></span> <span class='ocrx_word' id='word_1_225' title='bbox 1497 2322 1503 2375; x_wconf 93' lang='grc' dir='ltr'>Ι</span> <span class='ocrx_word' id='word_1_226' title='bbox 1531 2319 1608 2374; x_wconf 83' lang='grc' dir='ltr'><em>ἐμὲ</em></span> <span class='ocrx_word' id='word_1_227' title='bbox 1640 2318 1826 2375; x_wconf 82' lang='lat' dir='ltr'>reposui</span> 
     </span>
     <span class='ocr_line' id='line_1_28' title="bbox 135 2377 1827 2434; baseline 0.001 -14"><span class='ocrx_word' id='word_1_228' title='bbox 135 2391 159 2420; x_wconf 83' lang='lat' dir='ltr'>e</span> <span class='ocrx_word' id='word_1_229' title='bbox 191 2377 325 2421; x_wconf 83' lang='lat' dir='ltr'>libris</span> <span class='ocrx_word' id='word_1_230' title='bbox 357 2377 438 2421; x_wconf 79' lang='lat' dir='ltr'><em>sed</em></span> <span class='ocrx_word' id='word_1_231' title='bbox 470 2395 525 2434; x_wconf 77' lang='grc' dir='ltr'><em>γρ</em></span> <span class='ocrx_word' id='word_1_232' title='bbox 559 2393 613 2433; x_wconf 84' lang='grc' dir='ltr'><em>με</em></span> <span class='ocrx_word' id='word_1_233' title='bbox 645 2377 693 2420; x_wconf 92' lang='lat' dir='ltr'><em>in</em></span> <span class='ocrx_word' id='word_1_234' title='bbox 718 2391 853 2433; x_wconf 82' lang='lat' dir='ltr'>marg</span> <span class='ocrx_word' id='word_1_235' title='bbox 878 2378 990 2422; x_wconf 77' lang='lat' dir='ltr'><em>Ma²</em></span> <span class='ocrx_word' id='word_1_236' title='bbox 1050 2393 1104 2434; x_wconf 86' lang='grc' dir='ltr'><em>με</em></span> <span class='ocrx_word' id='word_1_237' title='bbox 1131 2377 1221 2421; x_wconf 83' lang='lat' dir='ltr'><em>edd</em></span> <span class='ocrx_word' id='word_1_238' title='bbox 1342 2382 1368 2421; x_wconf 85' lang='lat'>8</span> <span class='ocrx_word' id='word_1_239' title='bbox 1402 2378 1479 2422; x_wconf 80' lang='grc' dir='ltr'><em>καὶ</em></span> <span class='ocrx_word' id='word_1_240' title='bbox 1513 2379 1827 2432; x_wconf 80' lang='grc' dir='ltr'><em>δακρύσαντες</em></span> 
     </span>
     <span class='ocr_line' id='line_1_29' title="bbox 134 2435 1827 2483; baseline 0 -3"><span class='ocrx_word' id='word_1_241' title='bbox 134 2450 211 2480; x_wconf 90' lang='lat' dir='ltr'><em>om</em></span> <span class='ocrx_word' id='word_1_242' title='bbox 238 2437 289 2482; x_wconf 80' lang='lat' dir='ltr'><em>Ol</em></span> <span class='ocrx_word' id='word_1_243' title='bbox 363 2436 488 2479; x_wconf 84' lang='lat' dir='ltr'>inser</span> <span class='ocrx_word' id='word_1_244' title='bbox 514 2436 626 2481; x_wconf 87' lang='lat' dir='ltr'><em>Ma²</em></span> <span class='ocrx_word' id='word_1_245' title='bbox 770 2440 794 2479; x_wconf 90' lang='grc'><strong>9</strong></span> <span class='ocrx_word' id='word_1_246' title='bbox 828 2450 901 2480; x_wconf 89' lang='grc' dir='ltr'><em>σοι</em></span> <span class='ocrx_word' id='word_1_247' title='bbox 933 2450 1007 2480; x_wconf 87' lang='lat' dir='ltr'><em>om</em></span> <span class='ocrx_word' id='word_1_248' title='bbox 1034 2438 1180 2483; x_wconf 76' lang='lat' dir='ltr'><em>Macl</em></span> <span class='ocrx_word' id='word_1_249' title='bbox 1241 2451 1290 2480; x_wconf 82' lang='grc' dir='ltr'><em>σε</em></span> <span class='ocrx_word' id='word_1_250' title='bbox 1319 2437 1444 2481; x_wconf 83' lang='lat' dir='ltr'><em>BVa</em></span> <span class='ocrx_word' id='word_1_251' title='bbox 1590 2442 1644 2480; x_wconf 89' lang='grc'><em>10</em></span> <span class='ocrx_word' id='word_1_252' title='bbox 1677 2435 1722 2482; x_wconf 83' lang='grc' dir='ltr'><em>δ’</em></span> <span class='ocrx_word' id='word_1_253' title='bbox 1754 2439 1827 2481; x_wconf 86' lang='lat' dir='ltr'><em>La</em></span> 
     </span>
     <span class='ocr_line' id='line_1_30' title="bbox 255 2494 1687 2552; baseline 0.001 -13"><span class='ocrx_word' id='word_1_254' title='bbox 255 2501 307 2540; x_wconf 88' lang='lat'><em>11</em></span> <span class='ocrx_word' id='word_1_255' title='bbox 349 2494 643 2552; x_wconf 82' lang='grc' dir='ltr'><em>ἠγνοήσαμεν</em></span> <span class='ocrx_word' id='word_1_256' title='bbox 670 2495 817 2540; x_wconf 82' lang='lat' dir='ltr'><em>MaCl</em></span> <span class='ocrx_word' id='word_1_257' title='bbox 959 2501 1012 2539; x_wconf 90' lang='lat'><em>13</em></span> <span class='ocrx_word' id='word_1_258' title='bbox 1054 2496 1111 2552; x_wconf 84' lang='grc' dir='ltr'><em>δὴ</em></span> <span class='ocrx_word' id='word_1_259' title='bbox 1152 2510 1228 2540; x_wconf 88' lang='lat' dir='ltr'><em>om</em></span> <span class='ocrx_word' id='word_1_260' title='bbox 1261 2497 1335 2540; x_wconf 92' lang='lat' dir='ltr'><em>La</em></span> <span class='ocrx_word' id='word_1_261' title='bbox 1384 2504 1390 2551; x_wconf 89' lang='grc' dir='ltr'>Ι</span> <span class='ocrx_word' id='word_1_262' title='bbox 1438 2494 1581 2540; x_wconf 78' lang='grc' dir='ltr'><em>ταῦθ’</em></span> <span class='ocrx_word' id='word_1_263' title='bbox 1613 2498 1687 2541; x_wconf 87' lang='lat' dir='ltr'><em>La</em></span> 
     </span>
     <span class='ocr_line' id='line_1_31' title="bbox 137 2552 1827 2611; baseline 0 -14"><span class='ocrx_word' id='word_1_264' title='bbox 137 2559 191 2598; x_wconf 83' lang='lat'><em>15</em></span> <span class='ocrx_word' id='word_1_265' title='bbox 224 2561 399 2611; x_wconf 86' lang='grc' dir='ltr'><em>μανιᾶν</em></span> <span class='ocrx_word' id='word_1_266' title='bbox 425 2556 498 2599; x_wconf 89' lang='lat' dir='ltr'><em>La</em></span> <span class='ocrx_word' id='word_1_267' title='bbox 634 2560 687 2598; x_wconf 87' lang='grc'><em>16</em></span> <span class='ocrx_word' id='word_1_268' title='bbox 722 2552 773 2598; x_wconf 89' lang='grc' dir='ltr'><em>ἐν</em></span> <span class='ocrx_word' id='word_1_269' title='bbox 805 2554 950 2599; x_wconf 76' lang='lat' dir='ltr'>Cobet</span> <span class='ocrx_word' id='word_1_270' title='bbox 982 2555 1098 2599; x_wconf 80' lang='lat' dir='ltr'>Miso</span> <span class='ocrx_word' id='word_1_271' title='bbox 1132 2560 1214 2599; x_wconf 84' lang='grc'><em>146</em></span> <span class='ocrx_word' id='word_1_272' title='bbox 1249 2557 1298 2599; x_wconf 75' lang='lat' dir='ltr'><em>ab</em></span> <span class='ocrx_word' id='word_1_273' title='bbox 1330 2555 1386 2599; x_wconf 87' lang='lat' dir='ltr'><em>cf</em></span> <span class='ocrx_word' id='word_1_274' title='bbox 1420 2557 1454 2599; x_wconf 77' lang='lat' dir='ltr'><strong>t</strong></span> <span class='ocrx_word' id='word_1_275' title='bbox 1481 2555 1542 2599; x_wconf 88' lang='lat' dir='ltr'><em>VI</em></span> <span class='ocrx_word' id='word_1_276' title='bbox 1567 2560 1666 2608; x_wconf 82' lang='grc'><em>608,</em></span> <span class='ocrx_word' id='word_1_277' title='bbox 1686 2560 1712 2600; x_wconf 85' lang='grc'><strong>5</strong></span> <span class='ocrx_word' id='word_1_278' title='bbox 1744 2554 1827 2598; x_wconf 85' lang='lat' dir='ltr'><em>ubi</em></span> 
     </span>
     <span class='ocr_line' id='line_1_32' title="bbox 135 2611 1826 2671; baseline -0.001 -13"><span class='ocrx_word' id='word_1_279' title='bbox 135 2611 212 2670; x_wconf 79' lang='grc' dir='ltr'><em>ἐφ’</em></span> <span class='ocrx_word' id='word_1_280' title='bbox 249 2613 545 2658; x_wconf 71' lang='lat' dir='ltr'>retinendum</span> <span class='ocrx_word' id='word_1_281' title='bbox 577 2616 678 2658; x_wconf 73' lang='lat' dir='ltr'>erat</span> <span class='ocrx_word' id='word_1_282' title='bbox 823 2619 875 2657; x_wconf 82' lang='lat'><em>17</em></span> <span class='ocrx_word' id='word_1_283' title='bbox 914 2613 1180 2670; x_wconf 84' lang='grc' dir='ltr'><em>ἀμυναίμην</em></span> <span class='ocrx_word' id='word_1_284' title='bbox 1213 2615 1378 2671; x_wconf 83' lang='lat' dir='ltr'>scripsi</span> <span class='ocrx_word' id='word_1_285' title='bbox 1440 2614 1686 2671; x_wconf 82' lang='grc' dir='ltr'><em>ἀμύνωμαι</em></span> <span class='ocrx_word' id='word_1_286' title='bbox 1717 2613 1826 2657; x_wconf 88' lang='lat' dir='ltr'>libri</span> 
     </span>
     <span class='ocr_line' id='line_1_33' title="bbox 138 2671 1827 2730; baseline 0 -14"><span class='ocrx_word' id='word_1_287' title='bbox 138 2672 229 2716; x_wconf 80' lang='lat' dir='ltr'><em>edd</em></span> <span class='ocrx_word' id='word_1_288' title='bbox 306 2671 568 2730; x_wconf 77' lang='grc' dir='ltr'><em>ἀμυνοίμην</em></span> <span class='ocrx_word' id='word_1_289' title='bbox 600 2673 763 2717; x_wconf 84' lang='lat' dir='ltr'>Iacobs</span> <span class='ocrx_word' id='word_1_290' title='bbox 787 2672 901 2717; x_wconf 75' lang='lat' dir='ltr'><strong>Leet</strong></span> <span class='ocrx_word' id='word_1_291' title='bbox 927 2675 934 2729; x_wconf 99' lang='grc' dir='ltr'>Ι</span> <span class='ocrx_word' id='word_1_292' title='bbox 960 2673 1223 2730; x_wconf 84' lang='grc' dir='ltr'><em>ποιήσωμαι</em></span> <span class='ocrx_word' id='word_1_293' title='bbox 1249 2675 1322 2718; x_wconf 82' lang='lat' dir='ltr'><em>La</em></span> <span class='ocrx_word' id='word_1_294' title='bbox 1445 2678 1499 2717; x_wconf 84' lang='lat'><em>18</em></span> <span class='ocrx_word' id='word_1_295' title='bbox 1532 2673 1725 2729; x_wconf 82' lang='grc' dir='ltr'><em>εὑρίσκω</em></span> <span class='ocrx_word' id='word_1_296' title='bbox 1753 2674 1827 2717; x_wconf 87' lang='lat' dir='ltr'><em>La</em></span> 
     </span>
     <span class='ocr_line' id='line_1_34' title="bbox 256 2732 1828 2789; baseline 0.001 -15"><span class='ocrx_word' id='word_1_297' title='bbox 256 2735 312 2775; x_wconf 84' lang='lat'><em>20</em></span> <span class='ocrx_word' id='word_1_298' title='bbox 345 2732 406 2784; x_wconf 84' lang='grc' dir='ltr'><em>ὡς</em></span> <span class='ocrx_word' id='word_1_299' title='bbox 429 2733 503 2777; x_wconf 84' lang='lat' dir='ltr'><em>La</em></span> <span class='ocrx_word' id='word_1_300' title='bbox 530 2736 537 2789; x_wconf 92' lang='grc' dir='ltr'>Ι</span> <span class='ocrx_word' id='word_1_301' title='bbox 565 2733 649 2789; x_wconf 87' lang='grc' dir='ltr'><em>χρὴ</em></span> <span class='ocrx_word' id='word_1_302' title='bbox 675 2734 749 2777; x_wconf 83' lang='lat' dir='ltr'><em>La</em></span> <span class='ocrx_word' id='word_1_303' title='bbox 872 2738 926 2776; x_wconf 82' lang='lat'><em>21</em></span> <span class='ocrx_word' id='word_1_304' title='bbox 959 2732 1100 2776; x_wconf 77' lang='grc' dir='ltr'><em>τᾶλλα</em></span> <span class='ocrx_word' id='word_1_305' title='bbox 1127 2735 1201 2777; x_wconf 87' lang='lat' dir='ltr'><em>La</em></span> <span class='ocrx_word' id='word_1_306' title='bbox 1236 2735 1242 2789; x_wconf 95' lang='grc' dir='ltr'>Ι</span> <span class='ocrx_word' id='word_1_307' title='bbox 1278 2732 1463 2783; x_wconf 81' lang='grc' dir='ltr'><em>ἀδίκοις</em></span> <span class='ocrx_word' id='word_1_308' title='bbox 1487 2734 1613 2777; x_wconf 88' lang='lat' dir='ltr'><em>BVa</em></span> <span class='ocrx_word' id='word_1_309' title='bbox 1640 2735 1646 2788; x_wconf 96' lang='grc' dir='ltr'>Ι</span> <span class='ocrx_word' id='word_1_310' title='bbox 1674 2739 1828 2781; x_wconf 77' lang='grc' dir='ltr'><em>κακῶς</em></span> 
     </span>
    </p>
   </div>
   <div class='ocr_carea' id='block_1_9' title="bbox 135 2792 1826 2995">
    <p class='ocr_par' dir='ltr' id='par_1_9' title="bbox 135 2792 1826 2995">
     <span class='ocr_line' id='line_1_35' title="bbox 135 2792 1826 2876; baseline 0 -12"><span class='ocrx_word' id='word_1_311' title='bbox 135 2820 323 2876; x_wconf 79' lang='lat' dir='ltr'>reposui</span> <span class='ocrx_word' id='word_1_312' title='bbox 354 2834 379 2863; x_wconf 86' lang='lat' dir='ltr'>e</span> <span class='ocrx_word' id='word_1_313' title='bbox 410 2819 543 2864; x_wconf 87' lang='lat' dir='ltr'>libris</span> <span class='ocrx_word' id='word_1_314' title='bbox 583 2822 666 2865; x_wconf 83' lang='lat' dir='ltr'><em>sed</em></span> <span class='ocrx_word' id='word_1_315' title='bbox 697 2792 850 2871; x_wconf 56' lang='grc' dir='ltr'><em>καξὶῶς</em></span> <span class='ocrx_word' id='word_1_316' title='bbox 874 2823 936 2866; x_wconf 85' lang='grc' dir='ltr'><em>Μ</em></span> <span class='ocrx_word' id='word_1_317' title='bbox 1016 2824 1165 2873; x_wconf 81' lang='grc' dir='ltr'><em>καλῶς</em></span> <span class='ocrx_word' id='word_1_318' title='bbox 1195 2821 1285 2865; x_wconf 82' lang='lat' dir='ltr'><em>edd</em></span> <span class='ocrx_word' id='word_1_319' title='bbox 1325 2822 1407 2865; x_wconf 84' lang='lat' dir='ltr'><em>sed</em></span> <span class='ocrx_word' id='word_1_320' title='bbox 1443 2823 1513 2876; x_wconf 85' lang='lat' dir='ltr'><em>„si</em></span> <span class='ocrx_word' id='word_1_321' title='bbox 1544 2823 1693 2871; x_wconf 78' lang='grc' dir='ltr'><em>καλῶς</em></span> <span class='ocrx_word' id='word_1_322' title='bbox 1722 2822 1763 2864; x_wconf 83' lang='grc' dir='ltr'><em>Ῑι.</em></span> <span class='ocrx_word' id='word_1_323' title='bbox 1797 2821 1826 2864; x_wconf 84' lang='lat' dir='ltr'><em>l.</em></span> 
     </span>
     <span class='ocr_line' id='line_1_36' title="bbox 135 2880 1826 2936; baseline -0.001 -12"><span class='ocrx_word' id='word_1_324' title='bbox 135 2880 255 2924; x_wconf 79' lang='lat' dir='ltr'><strong><em>idem</em></strong></span> <span class='ocrx_word' id='word_1_325' title='bbox 285 2881 402 2924; x_wconf 80' lang='lat' dir='ltr'><em>valet</em></span> <span class='ocrx_word' id='word_1_326' title='bbox 432 2884 566 2936; x_wconf 79' lang='lat' dir='ltr'><strong><em>atque</em></strong></span> <span class='ocrx_word' id='word_1_327' title='bbox 589 2881 814 2935; x_wconf 80' lang='grc' dir='ltr'><em>ἐπιεικῶς,</em></span> <span class='ocrx_word' id='word_1_328' title='bbox 841 2883 1045 2935; x_wconf 83' lang='grc' dir='ltr'><em>φιλικῶς,</em></span> <span class='ocrx_word' id='word_1_329' title='bbox 1070 2882 1178 2925; x_wconf 78' lang='lat' dir='ltr'><strong><em>bene</em></strong></span> <span class='ocrx_word' id='word_1_330' title='bbox 1198 2881 1356 2934; x_wconf 80' lang='lat' dir='ltr'><strong><em>habet‚·</em></strong></span> <span class='ocrx_word' id='word_1_331' title='bbox 1385 2882 1460 2925; x_wconf 81' lang='lat' dir='ltr'><em>sin</em></span> <span class='ocrx_word' id='word_1_332' title='bbox 1491 2882 1638 2933; x_wconf 82' lang='lat' dir='ltr'><em>aliter,</em></span> <span class='ocrx_word' id='word_1_333' title='bbox 1669 2880 1826 2924; x_wconf 79' lang='lat' dir='ltr'><em>malim</em></span> 
     </span>
     <span class='ocr_line' id='line_1_37' title="bbox 139 2939 1359 2995; baseline 0.002 -14"><span class='ocrx_word' id='word_1_334' title='bbox 139 2939 193 2981; x_wconf 79' lang='grc' dir='ltr'><em>οὐ</em></span> <span class='ocrx_word' id='word_1_335' title='bbox 227 2945 380 2988; x_wconf 78' lang='grc' dir='ltr'><em>κακῶς</em></span> <span class='ocrx_word' id='word_1_336' title='bbox 410 2953 503 2982; x_wconf 79' lang='lat' dir='ltr'><em>non</em></span> <span class='ocrx_word' id='word_1_337' title='bbox 532 2939 663 2992; x_wconf 85' lang='lat' dir='ltr'><strong><em>male,</em></strong></span> <span class='ocrx_word' id='word_1_338' title='bbox 694 2941 735 2982; x_wconf 81' lang='lat' dir='ltr'><em>h.</em></span> <span class='ocrx_word' id='word_1_339' title='bbox 770 2954 802 2984; x_wconf 85' lang='lat' dir='ltr'><em>e.</em></span> <span class='ocrx_word' id='word_1_340' title='bbox 837 2941 904 2982; x_wconf 80' lang='lat' dir='ltr'><em>ita</em></span> <span class='ocrx_word' id='word_1_341' title='bbox 934 2945 987 2983; x_wconf 81' lang='lat' dir='ltr'><em>ut</em></span> <span class='ocrx_word' id='word_1_342' title='bbox 1011 2953 1104 2995; x_wconf 81' lang='lat' dir='ltr'><em>par</em></span> <span class='ocrx_word' id='word_1_343' title='bbox 1134 2943 1261 2983; x_wconf 58' lang='lat' dir='ltr'><em>eraff‘</em></span> <span class='ocrx_word' id='word_1_344' title='bbox 1292 2939 1359 2983; x_wconf 84' lang='lat' dir='ltr'><em>Re</em></span> 
     </span>
    </p>
   </div>
   <div class='ocr_carea' id='block_1_10' title="bbox 1853 1081 1892 1111">
    <p class='ocr_par' dir='ltr' id='par_1_10' title="bbox 1853 1081 1892 1111">
     <span class='ocr_line' id='line_1_38' title="bbox 1853 1081 1892 1111; baseline 0 0"><span class='ocrx_word' id='word_1_345' title='bbox 1853 1081 1892 1111; x_wconf 82' lang='lat'><em>10</em></span> 
     </span>
    </p>
   </div>
   <div class='ocr_carea' id='block_1_11' title="bbox 1853 1525 1894 1557">
    <p class='ocr_par' dir='ltr' id='par_1_11' title="bbox 1853 1525 1894 1557">
     <span class='ocr_line' id='line_1_39' title="bbox 1853 1525 1894 1557; baseline 0 0"><span class='ocrx_word' id='word_1_346' title='bbox 1853 1525 1894 1557; x_wconf 78' lang='lat'><em>15</em></span> 
     </span>
    </p>
   </div>
  </div>
 </body>
</html>
