2014 3158
445 125 656 170 PATRIS
688 125 1119 171 INFANTICIDAE
1152 125 1452 172 DEFENSIO
1685 127 1793 180 409

104 264 215 325 σὸς
254 260 358 315 καὶ
397 263 466 315 τὸ
506 270 621 316 τοῦ
661 262 897 325 παιδὸς
938 262 1189 325 κάλλος.
1229 261 1351 315 κᾶν
1404 264 1483 332 μὴ
1524 270 1719 317 τοῦτο
1759 263 1792 332 ἢ

102 351 419 420 ἀπόληται
464 350 497 420 ἢ
544 359 657 405 τοῦ
705 351 1036 421 τυράννου
1089 350 1382 420 γένηται,
1438 353 1622 415 λύσις
1677 353 1794 406 οὐκ

101 439 238 494 ἔστι
307 450 444 504 τοῖς
511 447 853 508 παροῦσιν.
931 438 1068 492 ἐπεὶ
1139 436 1257 493 οὖν
1317 440 1350 508 ἡ
1421 438 1537 510 μὲν
1604 441 1794 511 ὕβρις

101 529 459 599 ἀφόρητον,
507 529 846 598 ἡτελευτὴ
894 526 962 582 δὲ
1010 529 1084 582 οὐ
1132 537 1476 597 τοσοῦτον,
1528 531 1791 584 σωσάτω

101 619 216 687 τὴν
255 621 448 672 πόλιν
485 619 640 686 μετὰ
679 626 789 686 τῆς
821 617 1022 671 αὑτοῦ
1056 619 1503 688 σωφροσύνης.
1549 619 1630 672 15.
1663 627 1790 673 ταῦ-
1840 642 1859 674 5

99 729 165 762 τα
221 707 395 762 ἐδόκει
442 709 541 777 τὴν
594 709 818 778 πρώτην
871 706 1080 777 ἡμέραν
1133 708 1419 778 κράτιστα,
1473 716 1643 762 ταῦτα
1693 710 1793 778 τὴν

101 796 388 867 δευτέραν,
435 805 604 850 ταῦτα
650 798 751 866 τὴν
798 798 1013 867 τρίτην,
1059 795 1150 850 καὶ
1198 794 1366 851 οὐδὲν
1404 794 1473 866 ἧν
1514 798 1541 851 ὃ
1582 799 1795 852 τούτων

99 885 331 940 ἐδύνατο
366 884 373 958 Ι
406 891 744 955 νομισθῆναι
774 885 1008 955 βέλτιον.
1041 887 1227 955 λαβὼν
1260 887 1327 956 δὴ
1360 887 1420 940 τὸ
1454 880 1610 957 ξίφος
1658 893 1779 936 RIV
1796 899 1881 939 465

100 977 266 1029 πάλιν
303 974 613 1045 κατεθέμην
650 974 741 1029 καὶ
780 976 948 1029 πάλιν
988 976 1174 1045 λαβὼν
1206 972 1426 1046 ἔρριψα,
1464 975 1554 1030 καὶ
1594 978 1793 1031 πολλά-

98 1084 182 1127 κις
221 1063 480 1134 ἑκάτερον
517 1063 607 1118 καὶ
646 1066 779 1132 μετὰ
819 1066 1076 1136 δακρύων
1116 1065 1362 1119 ἕκαστον.
1403 1062 1499 1119 εἶτ’
1538 1066 1690 1119 ἐνίκα
1729 1075 1792 1137 τῇ
1819 1089 1861 1122 10

96 1155 317 1225 πατρίδι
363 1155 461 1208 τὸν
504 1155 632 1208 υἱὸν
679 1153 968 1209 ἐπιδοῦναι
1015 1154 1107 1209 καὶ
1161 1154 1367 1224 πλήξας
1421 1156 1684 1218 πολλάκις
1731 1157 1791 1208 τὸ

95 1245 389 1313 πρόσωπον
428 1244 517 1297 καὶ
555 1246 757 1298 τίλλων
796 1245 891 1307 τὰς
929 1248 1118 1315 τρίχας
1164 1243 1255 1298 καὶ
1303 1247 1440 1315 πρὸς
1490 1246 1590 1299 τὸν
1630 1244 1792 1312 ἐμαυ-

96 1340 194 1386 τοῦ
235 1334 470 1403 δαίμονα
511 1335 701 1387 εἰπών·
756 1332 1168 1403 ἐμπλήσθητι
1206 1343 1334 1388 τῶν
1374 1334 1541 1402 ἐμῶν
1578 1343 1793 1387 κακῶν

93 1419 282 1476 ἔπεισα
322 1420 393 1476 δι’
441 1418 521 1476 ὧν
560 1420 739 1487 ἔδειξα
785 1424 884 1477 τὸν
929 1423 1208 1494 τύραννον
1252 1422 1442 1493 μηκέτι
1489 1424 1556 1477 τὰ
1602 1422 1793 1492 μηκέτ’

94 1512 226 1564 ὄντα
267 1515 457 1580 ζητεῖν.
495 1511 586 1565 καὶ
625 1513 658 1581 ἡ
698 1513 919 1581 τελευτὴ
960 1520 1058 1566 τοῦ
1099 1513 1298 1576 παιδὸς
1332 1512 1422 1566 καὶ
1462 1519 1537 1585 τῷ
1570 1511 1788 1585 πολέμῳ
1816 1535 1857 1568 15

94 1599 379 1669 γεγένηται
418 1603 656 1670 τελευτή.
730 1601 812 1655 16.
853 1599 941 1655 ἐπὶ.
979 1602 1196 1665 τούτοις
1243 1599 1548 1671 ἑπένθησα,
1588 1600 1790 1668 ἔθαψα,

93 1697 191 1743 τοῦ
233 1691 469 1759 σήματος
509 1691 749 1759 εἰχόμην,
789 1688 938 1762 ᾤμην
978 1691 1098 1744 δεῖν
1137 1690 1308 1744 αὐτοῦ
1348 1696 1650 1760 καθῆσθαι.
1699 1689 1789 1744 καὶ

14 1817 18 1820 .
95 1779 163 1848 δὴ
202 1786 402 1832 τοῦτον
442 1778 590 1846 ὁρῶν
627 1781 927 1850 προσιόντα
966 1781 1065 1834 τὸν
1104 1781 1344 1850 χρηστὸν
1377 1780 1630 1850 ἐνόμιζον
1662 1781 1790 1834 ταύ-

94 1868 190 1921 τὸν
229 1876 344 1931 τοῖς
384 1869 571 1932 ἄλλοις
609 1871 914 1938 ποιήσοντα
952 1870 1109 1938 ἥκειν
1146 1868 1237 1922 καὶ
1267 1872 1789 1941 παραμυθήσεσθαι.

0 2038 1 2055 ἢ
213 2004 266 2045 13
300 1999 356 2045 cf.
389 2001 422 2044 ι.
448 1999 513 2044 rv
538 1990 742 2054 639‚1R
864 2005 917 2043 17
951 2000 1009 2046 cf.
1042 2016 1086 2057 p.
1112 2004 1256 2056 402‚1
1383 2005 1436 2045 19
1470 2000 1526 2046 of.
1562 2003 1594 2045 t.
1620 1999 1662 2044 V
1688 2005 1789 2056 374,

94 2063 132 2103 8.
167 2058 300 2104 chor.
332 2060 415 2104 inf.
447 2075 491 2116 p.
519 2063 662 2115 208‚9

9 2198 22 2239 j·
214 2182 236 2221 1
269 2185 352 2223 τοῦ
383 2175 573 2236 παιδὸς]
602 2177 770 2222 τούτου
794 2180 840 2223 Β
962 2184 987 2222 2
1021 2178 1275 2236 ἀπόλληται
1295 2179 1347 2224 Ol
1359 2180 1475 2224 VaB
1537 2177 1790 2224 ἀπόλλυται

15 2267 23 2281 ,κ
94 2237 196 2281 Mor
318 2242 343 2281 3
377 2237 503 2283 ἔσται
537 2239 606 2283 Va
639 2238 721 2281 sed.
753 2254 804 2281 αι
837 2252 892 2281 ex
923 2254 940 2281 ι
973 2252 1087 2294 corr,
1113 2240 1158 2283 Β
1288 2243 1315 2281 4
1347 2238 1587 2296 ἀφῄρηται
1613 2240 1671 2283 Μ

96 2300 122 2340 5
156 2298 299 2342 αὐτοῦ
323 2297 680 2342 HVLaViCzM
693 2298 808 2342 VaB
833 2297 944 2341 Fen
970 2299 977 2354 ι
1004 2296 1135 2342 ταῦτ’
1171 2298 1232 2342 Vi
1362 2303 1387 2342 6
1421 2298 1473 2343 δὲ
1504 2299 1612 2355 post
1641 2304 1788 2342 mm

10 2355 15 2368 '
92 2355 203 2400 Ferr
234 2356 336 2399 Mor
367 2357 448 2401 sed
482 2357 531 2399 in
562 2356 651 2400 hoc
676 2371 751 2400 om
775 2373 829 2413 γρ
855 2356 905 2399 in
929 2370 1063 2414 marg
1124 2356 1301 2401 delevib
1333 2357 1401 2401 Re
1504 2313 1549 2400 p8
1580 2357 1786 2414 ἠδύνατο

93 2416 155 2459 M
178 2417 185 2471 Ι
214 2415 264 2460 δὲ
292 2415 345 2461 Ol
465 2420 489 2459 9
514 2415 655 2460 πάλιν
680 2429 756 2459 om
782 2416 834 2461 Ol
860 2418 867 2471 Ι
894 2416 1050 2474 λαβὼν
1074 2430 1149 2460 om
1170 2417 1221 2462 ΟΖ
1247 2419 1254 2473 Ι
1282 2416 1455 2473 ἔρριψα
1480 2416 1646 2473 scripsi
1671 2430 1696 2460 e
1718 2418 1787 2461 Va

22 2518 26 2520 ,
92 2475 138 2519 Β
201 2474 369 2548 ἔρριψα
388 2476 445 2520 H
448 2475 600 2521 VCLa
612 2475 791 2520 ViGlM
810 2475 901 2518 edd
963 2475 1258 2532 scripturain
1277 2477 1337 2522 Or
1351 2489 1517 2532 parum
1541 2476 1788 2532 perspicua

217 2539 268 2576 11
296 2536 563 2579 αποδοῠναι
585 2535 695 2578 Ferr
711 2534 813 2578 Mor
936 2539 989 2578 12
1019 2535 1163 2579 αὑτοῦ
1185 2537 1247 2580 M
1363 2541 1418 2579 14
1442 2533 1668 2591 ἐποίησαῖ

98 2597 150 2636 16
177 2588 270 2638 εἷεν
295 2595 404 2637 ante
430 2593 506 2638 ἐπὶ
522 2594 596 2638 La
609 2594 732 2638 ViM
751 2593 834 2636 et'
821 2608 870 2636 111
886 2607 1020 2651 marg
1045 2593 1130 2638 Va²
1252 2599 1305 2638 17
1333 2595 1541 2651 σώματος
1554 2594 1657 2639 HV
1677 2594 1787 2637 Ferr

29 2673 30 2676 ¹
93 2652 142 2695 et
165 2668 219 2709 γρ
245 2651 295 2695 in
310 2667 456 2725 marg,
459 2652 561 2696 Mor
622 2652 880 2708 scriptura.
868 2667 918 2695 1n
936 2653 996 2697 Cr
1010 2667 1186 2726 parum,
1192 2653 1442 2710 perspicua.
1470 2657 1475 2709 Ι
1504 2655 1603 2698 δεῖν
1620 2653 1785 2709 scripsi

27 2719 30 2722 ’
94 2723 118 2754 e
143 2711 352 2756 LaViM
408 2709 456 2755 δ’
488 2712 868 2757 GrHVOOlVaB
901 2712 990 2755 edd
1034 2714 1040 2767 Ι
1075 2709 1186 2771 (ἐπ’
1197 2713 1228 2772 >
1261 2714 1405 2758 αὐτοῦ
1436 2713 1598 2756 Iacobs
1629 2712 1742 2756 Lech
1776 2712 1781 2769 Ι

94 2775 224 2826 „post
259 2773 509 2827 καθῆσθαι
549 2776 632 2816 aut
669 2772 791 2815 eirca
830 2771 974 2816 deesse
1010 2773 1191 2816 videtur
1228 2770 1305 2828 ἐφ’
1349 2770 1553 2829 ἡσυχίας.
1601 2772 1787 2816 videbar

94 2830 208 2874 mihi
237 2831 415 2886 quietus
445 2831 512 2874 ibi
536 2831 619 2885 (ad
642 2834 979 2875 monumentum
1001 2831 1110 2886 filii)
1141 2831 1314 2885 sedere‚·
1344 2832 1421 2875 sed
1453 2835 1572 2875 ecce‘·
1600 2831 1666 2873 Re

27 2889 29 2899 '
96 2892 150 2931 18
182 2889 263 2932 καὶ
294 2891 402 2945 post
434 2889 493 2945 δὴ
525 2890 640 2934 ῘῙιὈΖ
699 2903 773 2932 ras
800 2893 914 2932 2—3
939 2888 1019 2932 litt
1051 2903 1249 2945 quarum
1279 2890 1432 2946 prima.
1462 2905 1487 2933 τ
1519 2890 1588 2934 Va
1629 2891 1635 2945 Ι
1676 2890 1783 2933 ταύ-

98 2946 150 2990 τὸ
182 2946 284 2991 Mor
315 2947 383 2991 Re
519 2953 573 2991 19
606 2946 1036 3004 παραμκυθήσεσθαι
1068 2949 1233 3005 scripsi
1266 2962 1291 2992 e
1315 2949 1390 2993 La
1402 2949 1458 2993 Vi
1499 2949 1552 2992 ut
1583 2948 1687 2992 coni
1715 2949 1784 2993 Re
