2014 3158
249 116 357 168 452
659 117 926 175 [LIBANII]
958 116 1350 162 DECLAMATIO
1382 118 1527 162 XLIII

249 251 448 320 ἀσελγῆ
505 250 594 305 καὶ
655 255 950 319 παροινίαν
1013 252 1345 319 ἐπεγκαλεῖς;
1409 250 1526 307 ἀλλ’
1590 255 1716 306 οὔτε
1777 261 1940 307 τοῦτο

249 337 363 394 οὔτ’
412 341 586 394 ἐκεῖνο
626 342 842 394 παίδων
882 342 1034 395 οὔπω
1075 343 1332 411 καθαρὰν
1371 344 1472 410 τὴν
1523 346 1768 409 γλῶτταν
1806 342 1940 395 ὑπο-

248 432 566 498 φαινόντων
620 429 834 483 δύναιτ’
889 431 959 483 ἄν
1008 451 1115 498 τις,
1172 424 1346 499 οἶμαι,
1401 432 1940 502 καταμαρτύρασθαι.

149 523 200 566 R
215 522 279 567 IV
296 527 380 566 806
432 517 438 588 Ι
482 519 621 572 ὅπου
663 516 722 571 δὲ
761 520 822 572 τὸ
864 528 1195 587 κακουργεῖν
1234 520 1335 589 οὐχ
1375 520 1710 588 εὑρίσκεται,
1749 519 1839 573 καὶ
1879 522 1939 574 τὸ

196 628 223 660 -5

182 1073 225 1105 10

185 1515 226 1548 15

186 1960 229 1991 20

189 2402 230 2434 25

249 607 577 671 κολάζεσθαι
615 606 869 677 πέφευγε.
911 607 996 660 26.
1037 615 1201 661 τοῦτο
1241 605 1359 661 οἶδε
1406 605 1507 678 μὲν
1548 609 1575 662 ὁ
1617 608 1940 678 νομοθέτης,

244 689 366 747 οἶδε
414 692 476 748 δὲ
522 696 611 748 καὶ
651 695 683 764 ἡ
725 698 952 763 γενναία
998 699 1173 765 μήτηρ
1221 697 1357 765 αὕτη
1407 706 1518 749 τῶν
1565 699 1792 750 παίδων.
1848 697 1939 751 καὶ

240 784 340 836 ἅτε
386 782 561 851 μηδέν
607 804 657 836 τι
710 785 990 854 τύραννον
1043 787 1453 853 τετολμηκότων
1502 785 1532 852 ἡ
1580 788 1754 857 μήτηρ
1807 788 1942 855 μετὰ

241 872 335 924 καὶ
375 882 486 925 τῶν
527 875 712 942 νόμων
751 871 1023 943 ἐφείσατο.
1063 872 1153 926 καὶ
1194 881 1301 926 νῦν
1341 874 1441 943 οὐχ
1482 875 1554 937 ὡς
1594 872 1806 928 ἐκείνου
1839 882 1939 928 τοῦ

243 963 511 1023 ’πεσόντος
549 963 766 1030 παῖδας,
807 961 925 1016 ἀλλ’
965 965 1038 1026 ὡς
1078 963 1244 1032 αὑτῆς
1285 961 1569 1026 ἑξαιτεῖται
1608 965 1705 1016 τὸν
1746 965 1939 1034 δῆμον,

251 1045 291 1121 ᾧ
337 1048 510 1118 μηδὲν
555 1051 896 1124 αἰτησαμένῳ
937 1049 1074 1121 μηδὲ
1113 1053 1219 1120 πρὸ
1261 1059 1358 1105 τοῦ
1399 1055 1760 1123 λιπαρήσαντι
1801 1053 1940 1107 αὐθ-

249 1141 461 1209 αίρετος
515 1141 616 1208 τὴν
677 1141 1047 1211 δημοκρατίαν
1103 1141 1482 1210 ἀπεχαρίσατο.
1553 1141 1638 1194 27.
1680 1135 1830 1211 οἶμαι
1882 1141 1941 1195 δ’

250 1227 332 1280 ὅτι
372 1227 476 1281 κᾶν
516 1231 563 1281 εἰ
602 1231 674 1298 μὴ
715 1239 830 1292 τοῖς
870 1231 1061 1298 νόμοις
1100 1229 1373 1298 ἐδέδοκτο,
1415 1230 1553 1282 ἀλλὰ
1584 1237 1658 1302 τῷ
1693 1251 1755 1298 γε
1787 1232 1940 1304 δήμῳ

249 1318 384 1384 πρὸς
423 1318 686 1386 αἰσχύνης
726 1317 796 1370 ἂν
835 1314 905 1386 ἦν
943 1319 1004 1371 τὸ
1045 1319 1117 1388 μὴ
1151 1320 1348 1370 δοῦναι
1382 1320 1555 1387 νόμον
1587 1319 1683 1371 ἕνα
1716 1328 1779 1389 τῇ
1811 1321 1940 1373 πάν-

250 1425 345 1468 τας
395 1405 779 1477 ἀποδεδωκυιά
826 1409 956 1469 τοὺς
1002 1409 1209 1476 νόμους
1269 1407 1356 1459 καὶ
1405 1415 1575 1460 ταῦτα
1622 1409 1695 1470 ὡς
1741 1408 1942 1462 οὔποτ’

252 1495 321 1546 ἄν
374 1514 456 1557 τις
510 1492 629 1548 οὐδ’
684 1497 820 1565 ὄναρ
878 1497 1123 1564 ἤλπισεν.
1173 1494 1293 1548 ἀλλ’
1347 1494 1463 1549 οὐδ’
1513 1498 1605 1564 ἄν,
1645 1497 1764 1566 <ει’>
1804 1499 1938 1566 αὐτὴ

250 1585 379 1646 τοὺς
432 1585 630 1647 παῖδας
685 1584 1095 1654 ἁρπαζομένους
1150 1585 1333 1655 ὁρῶσα
1385 1582 1607 1654 ἔφερεν,
1664 1586 1693 1639 ὁ
1742 1583 1802 1639 δὲ
1852 1587 1941 1655 δῆ-

250 1692 351 1738 μος
398 1672 498 1724 οὐκ
544 1670 829 1744 ᾤκτειρεν,
877 1672 992 1735 ἀλλ’
1047 1672 1302 1743 ἐπέτρεπε
1356 1675 1456 1741 τὴν
1511 1677 1756 1743 σφαγήν,
1811 1673 1942 1727 οὐδ’

252 1760 426 1824 οὕτως
472 1760 541 1814 ἂν
588 1756 695 1831 εἶχε
742 1766 918 1825 καλῶς
964 1763 1121 1830 ὑμῖν,
1169 1755 1252 1824 οἷς
1298 1763 1358 1815 τὸ
1409 1759 1581 1831 μηδὲν
1634 1760 1735 1826 ἔξω
1783 1764 1941 1832 δίκης

251 1850 511 1918 πράττειν
557 1849 589 1918 ἢ
638 1850 820 1919 λέγειν
865 1851 897 1919 ἡ
949 1862 1096 1904 πᾶσα
1151 1853 1390 1920 σπουδή,
1444 1853 1675 1904 ἄτεκνον
1731 1851 1940 1904 ἐπιδεῖν

253 1937 593 2007 ἀνασχέσθαι
631 1941 731 2008 τὴν
771 1938 843 1992 δι’
888 1939 1030 2009 ὑμᾶς
1069 1939 1437 1992 ἀπεκτονυΐαν
1482 1941 1581 1992 τὸν
1627 1941 1804 2009 ἄνδρα
1849 1938 1939 1992 καὶ

253 2031 479 2095 χηρείαν
518 2026 764 2091 ἐξουσίας
795 2027 1277 2098 προτιμησαμένην
1307 2030 1629 2098 παρανόμου
1664 2029 1756 2080 διὰ
1787 2033 1940 2081 πολι-

252 2117 403 2168 τείαν
451 2118 686 2184 ἔννομον
731 2116 822 2169 καὶ
869 2119 1014 2186 βῆμα
1063 2117 1374 2186 ἐλεύθερον.
1444 2117 1530 2168 28.
1572 2116 1685 2169 ἐπεὶ
1735 2114 1794 2169 δὲ
1834 2124 1940 2169 νῦν

253 2211 417 2256 τοῦτο
463 2205 553 2257 καὶ
599 2211 673 2275 τῷ
721 2207 872 2277 νόμῳ
921 2207 1127 2258 δοκοῦν
1172 2206 1262 2257 καὶ
1309 2204 1337 2258 ὁ
1385 2203 1690 2272 νομοθέτης
1737 2205 1945 2257 οὑτωσί

254 2309 369 2354 πως
407 2291 512 2345 ἀπὸ
553 2300 650 2345 τοῦ
698 2292 1011 2360 γράμματος
1058 2295 1363 2361 διαρρήδην
1409 2294 1515 2362 βοᾷ
1560 2293 1633 2354 ὡς
1682 2294 1938 2345 αἰτείτω

255 2380 371 2449 μὲν
411 2379 439 2433 ὁ
479 2383 839 2450 τυραννίδα
880 2383 1179 2434 καθελὼν
1220 2381 1248 2434 ὅ
1292 2401 1350 2433 τι
1390 2382 1494 2434 καὶ
1532 2371 1866 2449 βούλοιτο,
1906 2381 1938 2449 ἡ

375 2516 399 2552 2
439 2512 589 2570 οὔπω]
622 2525 731 2554 num
773 2511 890 2556 οὕτω
925 2512 1250 2555 scribendum?
1372 2516 1396 2553 5
1438 2513 1484 2554 et
1523 2515 1548 2553 6
1585 2507 1679 2555 εἶδε
1714 2512 1802 2555 Vat

257 2574 282 2612 6
315 2571 464 2626 uam)
497 2583 571 2613 om
605 2571 693 2615 Vat
834 2576 859 2614 9
894 2573 1037 2627 αὐτῆς
1067 2571 1174 2614 libri
1198 2571 1265 2613 Re
1407 2573 1460 2612 10
1493 2571 1552 2625 μὴ
1586 2568 1636 2613 δὲ
1664 2568 1895 2614 MaG'lMo
1928 2572 1935 2626 Ι

255 2629 346 2683 πρὸ
377 2636 459 2672 τοῦ
486 2631 574 2673 Μα
606 2630 686 2673 sed
719 2629 743 2673 ὸ
773 2637 855 2672 τοῦ
888 2630 937 2673 in
969 2644 1043 2673 ras
1076 2629 1145 2672 ω’
1216 2636 1387 2684 προτοῦ
1415 2630 1499 2672 Mo
1533 2629 1597 2672 Re
1625 2631 1630 2684 Ι
1659 2628 1940 2683 ἀνθαίρετος

261 2687 312 2731 Ol
433 2692 485 2730 13
517 2687 699 2738 πάντας
724 2691 813 2732 Μα
844 2690 925 2732 sed
956 2707 1011 2739 ας
1042 2690 1092 2731 in
1123 2702 1197 2731 ras
1221 2688 1291 2731 m²
1412 2692 1466 2730 14
1499 2689 1824 2732 ἀποδεδωκυῐα
1852 2689 1940 2732 Ma

379 2752 431 2790 15
457 2747 498 2790 εἰ
520 2747 694 2790 inserui
720 2761 823 2790 cum
846 2748 1054 2792 Iacobsio
1080 2748 1191 2790 Lect
1214 2750 1262 2791 et
1286 2746 1466 2790 Sinteni
1493 2773 1495 2776 <
1526 2760 1603 2789 om
1625 2745 1735 2790 libri
1754 2746 1820 2789 Re

259 2809 314 2847 20
339 2805 458 2861 ἡμᾶς
476 2807 563 2850 Vat
684 2811 735 2849 21
771 2806 962 2864 χηρείαν
988 2808 1076 2851 Μα
1101 2807 1182 2850 sed
1215 2822 1282 2860 ρει
1313 2806 1362 2849 in
1393 2819 1469 2848 ras
1493 2804 1562 2848 111²
1589 2807 1595 2860 Ι
1623 2806 1702 2848 καὶ
1727 2807 1836 2848 ante
1861 2804 1940 2848 διὰ

262 2865 351 2907 Μα
471 2869 525 2907 25
560 2863 582 2908 ὅ
613 2882 655 2908 τι
688 2865 851 2921 scripsi
883 2880 987 2909 cum
1011 2865 1219 2909 Iacobsio
1247 2863 1386 2908 Schul
1448 2861 1516 2907 ὅτι
1545 2864 1655 2907 libri
1688 2864 1768 2907 sed.
1797 2861 1864 2916 ὃν,
1896 2864 1941 2907 τὶ

258 2922 308 2964 in
338 2936 471 2979 marg
498 2923 616 2979 Mo²‚
649 2925 714 2967 Re
