2014 3158
353 121 471 166 PRO
503 121 776 166 MULIERE
809 120 1230 165 TYRANNICIDA
1259 120 1499 165 ΡΕΤΙΤΙΟ
1664 120 1774 174 463

86 272 189 311 σοι.
244 260 306 312 τὸ
355 259 458 327 γὰρ
506 266 606 311 τοῦ
652 257 850 325 γένους
895 255 1187 325 ἀλλότριον
1241 256 1490 310 ὕποπτον
1538 267 1775 310 ποιεῖται

83 348 185 415 τὴν
224 348 450 417 αἳρεσιν.

197 434 283 488 52.
315 434 525 497 Ἡδέως
564 433 612 487 δ’
660 433 729 487 ἂν
768 433 1013 503 ἐροίμην,
1053 430 1095 486 ὦ
1137 434 1364 501 ἄνδρες,
1409 435 1634 488 τουτονὶ
1677 435 1776 487 τὸν

84 527 216 586 τοὺς
262 526 466 591 νόμους
510 526 747 591 κομψόν,
802 523 934 576 ὅτου
987 522 1150 591 χάριν
1197 524 1247 575 οἱ
1303 524 1494 585 παῖδες
1546 521 1776 591 ταυτηνὶ

84 614 330 666 δώσουσι
368 614 469 682 τὴν
508 614 682 680 δίκην.
736 612 784 664 εἰ
823 608 925 680 μὲν
964 606 1044 663 ὧν
1089 619 1541 680 παρανομοῦντες
1578 597 1774 681 ἕπρατ-
1822 633 1841 666 5

83 722 206 771 τον,
261 702 423 764 αὐτὸς
475 703 659 770 ἔλεγχε
704 699 795 753 καὶ
841 701 903 753 τὸ
949 706 1155 753 παθεῖν
1201 700 1576 754 ὑπολείπεται·
1629 702 1675 754 εἰ
1716 700 1776 753 δ’

84 791 157 853 ὡς
195 791 398 861 πατρὸς
437 789 704 860 ἐκφύντες
741 790 1046 859 τυράννου,
1093 790 1186 842 διὰ
1231 791 1291 842 τί
1330 790 1403 859 μὴ
1450 794 1661 856 μᾶλλον
1703 790 1776 852 ὡς

83 881 528 949 τυραννοκτόνου
552 879 757 948 μητρὸς
781 879 1128 949 δικαιότερον
1151 879 1566 948 περισώζοιντο;
1603 878 1687 930 53.
1713 876 1776 930 ἔα

82 988 177 1037 μοι
221 969 319 1021 τὸν
365 969 667 1036 τύραννον,
721 965 809 1020 ἐπὶ
856 968 957 1035 τὴν
1003 969 1451 1036 τυραννοκτόνον
1500 965 1773 1036 μετάβηθι

80 1055 170 1110 καὶ
209 1058 346 1126 πρὸς
384 1057 591 1124 ταύτην
630 1055 860 1126 ἀφορῶν
905 1056 1003 1109 τὸν
1048 1058 1224 1125 νόμον
1273 1056 1497 1108 τουτονὶ
1535 1056 1635 1109 τὸν
1673 1057 1775 1108 σὸν
1800 1078 1842 1111 ιο

79 1145 443 1213 ὑπανάγνωθι
503 1145 705 1214 δήμιον
758 1143 850 1198 καὶ
919 1146 1112 1214 γνοίης
1174 1143 1246 1198 ἂν
1307 1145 1381 1208 ὡς
1445 1143 1531 1197 ἐπὶ
1592 1154 1774 1207 κενοῖς

79 1232 326 1287 ἐνταῦθά
372 1248 459 1287 σοι
507 1235 568 1288 τὸ
618 1233 777 1302 ξίφος
823 1235 1206 1302 προβάλλεται.
1264 1235 1311 1287 εἰ
1357 1234 1459 1302 μὲν
1505 1229 1609 1287 οὖν
1661 1243 1774 1286 τῶν

79 1331 178 1376 τοῦ
231 1323 435 1393 πατρὸς
495 1332 679 1376 κακῶν
741 1322 908 1376 εἰσέτι
962 1341 1071 1376 που
1124 1321 1215 1375 καὶ
1270 1330 1380 1376 νῦν
1430 1321 1774 1392 μεμνημένος

78 1410 166 1465 ἐπὶ
206 1414 335 1475 τοὺς
372 1413 573 1475 παῖδας
612 1413 762 1480 ἄγεις
801 1413 901 1481 τὴν
939 1414 1233 1483 τιμωρίαν,
1281 1412 1383 1481 ὅρα
1428 1410 1520 1464 καὶ
1572 1412 1639 1463 τὰ
1677 1420 1774 1480 τῆς

77 1502 279 1570 μητρὸς
333 1501 699 1568 άριστεύματα
752 1499 844 1554 καὶ
898 1503 959 1554 τὸ
1014 1504 1156 1554 πολὺ
1204 1509 1303 1554 τοῦ
1352 1507 1541 1570 θυμοῦ
1584 1499 1590 1570 Ι
1636 1505 1756 1548 RIV
1774 1510 1859 1550 812

77 1589 430 1658 κατασβέσεις
468 1588 707 1643 ἐκεῖθεν·
748 1591 796 1643 εἰ
836 1588 884 1643 δ’
931 1589 1019 1643 ε’πὶ
1057 1599 1173 1652 τοῖς
1210 1599 1304 1659 τῆς
1338 1590 1546 1659 μητρὸς
1583 1593 1772 1652 καλοῖς
1797 1612 1838 1644 ιε

78 1679 144 1732 οὐ
185 1679 478 1748 φυλάττεις
516 1680 578 1732 τὸ
620 1679 937 1748 εὔγνωμον,
984 1677 1114 1748 μηδ’
1158 1674 1238 1732 ὧν
1276 1678 1305 1732 ὁ
1344 1680 1521 1749 πατὴρ
1571 1678 1770 1747 ἐτόλμα

4 1811 8 1813 .
74 1776 252 1830 κακῶς
298 1766 386 1821 ἐπὶ
434 1770 562 1830 τοὺς
608 1768 807 1830 παῖδας
856 1770 958 1836 τὴν
1004 1769 1186 1820 αἰτίαν
1239 1768 1522 1836 μετάφερε.
1588 1767 1675 1821 54.
1722 1769 1771 1820 εἰ

78 1854 139 1910 δὲ
179 1857 264 1910 δεῖ
300 1877 353 1909 τι
391 1854 483 1908 καὶ
523 1857 854 1927 δριμύτερον
894 1858 1069 1910 εἰπεῖν
1098 1857 1235 1927 πρὸς
1266 1856 1553 1926 ἀλήθειαν,
1592 1858 1771 1910 πόθεν

78 1941 230 1999 οὗτοι
286 1946 566 2015 τυράννου
618 1946 823 2014 πατρὸς
879 1946 932 1998 οἱ
980 1944 1108 2014 μηδ’
1155 1946 1287 1998 αὐτὸ
1342 1944 1487 1999 τοῦτ’
1546 1946 1770 2013 εἰδότες,
1794 1969 1838 2001 20

77 2034 107 2087 ὅ
146 2053 198 2087 τι
238 2033 327 2086 καὶ
366 2035 659 2103 τύραννος;
714 2034 915 2088 οὔποτε
960 2036 1130 2088 κακὸν
1176 2031 1345 2088 οὐδὲν
1384 2035 1695 2104 αὐτόματον
1736 2034 1768 2102 ἡ

78 2123 247 2189 φύσις
287 2121 618 2191 ἑνέσπειρεν,
658 2120 779 2175 ἀλλ’
817 2120 933 2176 ἔστι
971 2124 1036 2176 τά
1075 2143 1138 2191 γε
1176 2125 1345 2176 πλείω
1386 2132 1499 2176 τῶν
1536 2125 1768 2176 τοιῶνδε

196 2228 221 2265 .3
264 2223 321 2268 ef.
361 2239 404 2280 p.
441 2228 644 2278 341,17;
688 2225 720 2268 t.
747 2223 787 2266 V
819 2228 956 2278 56,7.
1005 2224 1175 2283 [Dem.]
1217 2223 1443 2282 Steph.H
1479 2239 1525 2281 p.
1561 2229 1767 2278 1137‚7;

76 2297 278 2339 prooem.
313 2288 368 2326 35
399 2298 446 2339 p.
474 2287 602 2336 1444,
622 2288 676 2326 23
802 2289 852 2326 11
888 2283 946 2327 cf
978 2299 1024 2340 p.
1050 2288 1152 2339 362,
1170 2288 1195 2327 3

196 2377 222 2414 4
262 2372 559 2427 κομψεύοντα
600 2371 694 2415 sive
732 2371 890 2428 potius
930 2371 1286 2429 κομψευόμενον
1326 2372 1431 2417 coni
1462 2372 1625 2416 Iacobs
1657 2372 1768 2415 Lect

79 2432 129 2474 at
169 2430 224 2474 cf
258 2433 291 2474 t.
318 2431 381 2474 IV
413 2434 514 2483 428,
533 2435 558 2473 5
599 2437 696 2481 τοῖς
733 2429 791 2474 τὰ
831 2430 1035 2486 μετέωρα
1074 2439 1371 2488 φροντισταῖς
1514 2437 1539 2475 5
1580 2428 1700 2476 δίδοι
1702 2445 1767 2474 ισι

78 2490 166 2534 Ma
241 2487 402 2534 δίδωσι
430 2491 482 2535 CI
618 2494 642 2532 6
676 2490 846 2540 αὐτοὺς
874 2489 1036 2534 Iacobs
1068 2491 1182 2535 Lech
1205 2491 1346 2535 Schul
1469 2495 1491 2533 7
1526 2489 1652 2535 ὃιατί
1679 2492 1767 2534 Μα

136 2593 216 2636 διά
238 2593 290 2637 ΟΖ
426 2598 478 2636 11
514 2592 681 2648 δήμιον
712 2595 765 2635 ut
796 2592 1027 2649 glossema
1059 2594 1119 2637 ad
1153 2599 1205 2637 12
1238 2592 1290 2639 τὸ
1322 2592 1456 2650 ξίφος
1487 2593 1766 2636 delendum?

79 2656 133 2695 12
172 2652 223 2696 τὸ
257 2649 392 2706 ξίφος
425 2652 653 2696 ἐνταυθοῖ
682 2665 752 2695 σοι
778 2653 867 2696 Μα
1001 2658 1054 2696 14
1086 2660 1167 2710 τῆς
1198 2668 1272 2697 om
1305 2654 1395 2697 Vat
1538 2657 1592 2695 16
1624 2668 1765 2695 κατα-

78 2709 254 2768 σβέσεις
278 2711 367 2754 Μα
408 2711 488 2754 sed
528 2724 619 2760 σεις
648 2710 696 2753 in
728 2724 803 2754 ras
834 2710 904 2754 αι’
1048 2717 1100 2756 17
1135 2711 1194 2780 μὴ
1232 2710 1274 2757 δ’
1310 2714 1397 2756 Μα
1542 2715 1596 2754 18
1629 2710 1670 2754 εἰ
1693 2711 1764 2778 δὲ]

2 2783 6 2802 1
77 2770 156 2813 καὶ
188 2770 275 2813 Vat
397 2774 452 2812 20
484 2769 544 2825 μὴ
574 2766 621 2813 δ’
649 2769 758 2812 libri
793 2769 857 2813 Re
885 2773 891 2827 Ι
918 2768 1044 2815 τοῦτ’
1074 2771 1238 2828 scripsi
1272 2785 1296 2814 e
1329 2771 1417 2814 Vat
1447 2784 1551 2813 cum
1584 2744 1765 2813 Sintem

135 2836 216 2872 τοῦ
241 2825 281 2871 τ’
304 2829 537 2874 MaGlMo
567 2828 636 2872 Re
757 2833 810 2872 21
846 2845 869 2872 ο
893 2845 938 2873 τι
962 2830 1125 2897 scripsi
1187 2829 1258 2874 ὅτι
1280 2829 1390 2872 libri
1413 2829 1480 2872 Re
1508 2831 1514 2885 1
1541 2844 1765 2882 τυραννοι

0 2892 10 2932 ⁴.
86 2887 174 2931 Vat
315 2892 370 2930 22
405 2885 666 2941 ἐνέσπειρεν
693 2889 780 2931 Μα
812 2888 894 2931 sed
926 2903 1030 2933 ενεσ
1058 2889 1107 2931 in
1136 2901 1211 2931 ras
1242 2889 1313 2931 m²
1373 2887 1643 2942 ἀνέσπειρεν
1669 2888 1732 2932 Ol
1755 2888 1759 2945 ί

2 2950 34 3004 ξ
75 2946 297 2990 τοιούτων
326 2948 413 2990 Ma
445 2946 527 2989 sed
563 2963 616 3002 γρ
647 2948 841 2990 τοιῶνδε
871 2947 921 2990 in
950 2962 1084 3005 marg

0 3008 26 3158 ί
