2014 3158
348 131 467 176 PRO
499 130 771 175 MULIERE
803 129 1224 175 TYRANNICIDA
1254 130 1494 175 ΡΕΤΙΤΙΟ
1660 129 1770 182 433

79 273 175 320 lari
206 274 256 319 in
289 272 435 320 hiatu
466 272 672 320 vitando
706 271 944 320 socordia.
1005 270 1076 319 Ut
1114 269 1231 334 μετὰ
1270 269 1352 319 καὶ
1391 287 1501 319 cum
1540 271 1770 334 genetivo

80 347 273 394 auctori
308 346 567 408 utriusque
607 346 980 394 declamationis
1019 345 1072 393 in
1110 345 1300 393 deliciis
1340 346 1437 392 fuit
1476 339 1546 411 (p.
1573 347 1696 406 442,
1716 346 1771 406 5,

81 421 278 481 445,6,
326 422 560 482 446,17,
608 421 842 481 448,21,
893 421 1065 478 449,3
1100 421 1150 467 et
1183 420 1237 479 53
1279 420 1474 480 452,7,
1515 420 1687 479 457,5
1723 421 1774 467 et

83 496 175 556 20,
208 496 406 556 471,7,
439 496 607 555 473,1
644 497 695 542 et
736 488 852 559 16),
890 495 965 541 ita
1004 491 1094 552 ξὺν
1135 495 1185 542 et
1223 491 1316 541 σὺν
1354 493 1537 542 vitavit
1575 494 1675 554 vel,
1713 495 1773 541 ut

79 570 361 616 accuratius
386 568 563 630 dicam,
585 570 780 616 tantum
811 569 865 615 in
890 567 1176 629 compositis
1200 583 1361 630 aequa
1390 568 1531 615 lance
1556 567 1772 617 admisit.

79 642 222 690 Dixit
262 645 434 691 auctor
478 642 736 704 utriusque
779 641 1154 690 declamationis
1199 641 1433 707 συμφορά
1463 658 1511 703 p.
1538 643 1771 703 470,10;

80 718 323 778 473,12,
368 717 601 779 327,16,
656 717 786 777 328,
814 718 903 776 17,
947 718 1154 777 332,13
1190 719 1240 763 et
1275 717 1366 778 19,
1406 717 1603 778 334,1,
1650 717 1772 777 337,

83 793 174 852 17,
216 792 447 851 341,21,
490 791 617 850 363,
648 791 737 852 16,
777 783 857 856 (at
895 789 1125 855 ξυμφορά
1162 807 1209 852 Ρ.
1245 783 1502 856 335‚15);
1542 789 1773 848 σύνοικος

79 882 126 927 p.
153 866 277 926 469,
298 866 387 926 15,
429 865 551 924 365,
571 867 596 912 1
643 858 722 930 (at
760 863 989 923 ξύνοικος
1020 882 1068 927 p.
1096 858 1348 931 351,14),
1391 867 1441 912 et
1467 870 1772 912 συνοικοῦσα

79 955 126 1001 p.
153 940 276 999 466,
297 941 386 999 12,
428 939 550 999 351,
570 939 624 1000 8,
657 941 711 986 at
741 938 934 1000 ξύμπας
965 956 1011 1001 p.
1038 940 1162 1000 450,
1182 940 1274 1000 19,
1306 939 1430 999 453,
1451 940 1541 999 103
1575 939 1696 999 335,
1718 941 1770 999 7,

79 1010 330 1076 ξυμφέρον
376 1030 422 1075 p.
456 1014 653 1074 458,7,
703 1014 900 1075 361,8,
947 1013 1163 1078 ξυνορᾶν
1209 1029 1255 1074 Ρ.
1290 1014 1526 1076 444,13,
1575 1014 1771 1074 329,9,

81 1088 201 1148 354,
221 1089 276 1148 2,
307 1085 622 1151 ξυνοίχεσθαι
651 1104 699 1149 Ρ.
727 1088 960 1149 447,10,
995 1088 1117 1149 328,
1136 1088 1182 1135 6.

178 1161 392 1224 Magnus
424 1163 499 1208 est
528 1176 762 1209 numerus
793 1161 1014 1210 locorum
1046 1177 1075 1208 a
1099 1178 1176 1209 me
1209 1161 1559 1210 adnotatorum
1592 1161 1769 1223 quibus

75 1235 157 1283 vel
193 1236 246 1282 in
284 1236 493 1298 integris
532 1235 888 1296 locutionibus,
934 1236 1073 1284 velut
1111 1253 1158 1298 p.
1187 1238 1309 1296 450,
1331 1237 1396 1284 18
1417 1251 1488 1298 sq.
1530 1230 1678 1302 (327,
1699 1229 1770 1302 7),

76 1309 354 1358 concinunt.

186 1383 359 1445 Neque
392 1382 688 1432 declamatio
722 1399 869 1446 quam
903 1387 960 1432 ut
990 1384 1108 1431 huic
1138 1399 1482 1447 praegressam
1514 1386 1686 1432 auctor
1717 1385 1770 1432 in

0 1471 5 1511 g<
74 1457 360 1519 protheoria
393 1456 424 1519 ξ
455 1458 485 1505 3
522 1451 625 1523 (ἐπὶ
656 1454 745 1521 μὲν
774 1455 867 1524 γὰρ
902 1464 986 1506 τοῦ
1019 1456 1408 1523 προειλημμένου
1435 1456 1623 1507 ἐκείνου
1651 1457 1768 1523 ὅπερ

76 1527 101 1579 ὅ
134 1530 348 1595 τεχνικὸς
379 1527 499 1595 ἡμῖν
530 1531 869 1594 παραδίδωσιν
899 1528 930 1595 ’ἡ
962 1539 1050 1596 τῆς
1089 1531 1302 1596 μοιχείας
1341 1532 1485 1597 ὕβρις
1524 1531 1656 1596 ἰδική
1698 1551 1769 1592 τις

0 1802 10 1839 S

0 1855 10 1927 ἱ

74 1597 139 1669 ἦν
179 1603 303 1671 πρὸς
340 1604 425 1655 τὸν
471 1603 651 1671 ἄνδρα,
697 1604 869 1655 κοινὸν
916 1603 967 1654 δὲ
1006 1605 1058 1655 τὸ
1098 1604 1195 1656 ἀπὸ
1235 1613 1320 1670 τῆς
1358 1607 1770 1671 τυραννοκτονίας

75 1678 252 1742 ὄφελος
284 1677 366 1727 καὶ
397 1678 449 1729 τὸ
482 1677 630 1728 πλέον
661 1674 786 1745 εἶχεν
817 1678 967 1729 ἐκεῖσε
1001 1677 1067 1739 ὣς
1098 1678 1195 1729 ἀπὸ
1219 1678 1659 1746 κοινωφελεστέρας
1681 1687 1767 1745 τῆς

74 1751 316 1817 ἀριστείας
346 1750 377 1817 ἡ
409 1753 501 1818 τὴν
532 1751 717 1803 ἄνοδον
749 1749 1070 1821 ὑποδείξασα)
1103 1757 1342 1817 respexit,
1374 1757 1505 1802 inter
1535 1754 1766 1803 Libania-

2 1839 9 1848 ¹
74 1843 163 1875 nas
195 1831 372 1884 exstat,
405 1828 490 1876 sed
519 1829 651 1876 inter
675 1844 756 1877 eas
783 1844 905 1890 quas
932 1827 1187 1891 Sopater
1219 1829 1390 1878 eodem
1421 1830 1530 1877 loco
1556 1845 1652 1891 quo
1685 1830 1766 1878 de·

74 1902 423 1950 clamationem
454 1901 540 1950 XL
581 1897 717 1968 (vide
757 1918 910 1965 supra
939 1919 986 1964 p.
1015 1896 1146 1969 320)
1180 1902 1325 1968 διαιρ.
1357 1904 1454 1966 ζητ.
1489 1903 1610 1951 VIII
1643 1905 1766 1965 247,

75 1976 196 2038 Ssq.
229 1976 302 2024 ed.
335 1976 491 2024 Walz.
524 1976 747 2024 insinuat
786 1969 869 2043 (cf.
909 1977 941 2025 1.
977 1979 1046 2026 20
1063 1993 1134 2039 sq.
1178 1971 1282 2024 ἀλλ’
1326 1976 1418 2026 οὐκ
1457 1971 1569 2026 οἶδα
1606 1977 1768 2027 πόθεν

73 2048 250 2099 ἰδοῦσα
289 2048 374 2098 τὸν
421 2047 578 2112 ἄνδρα
624 2049 738 2109 τοὺς
778 2050 965 2114 νόμους
1011 2051 1382 2116 παραβαίνοντα
1429 2049 1511 2099 καὶ
1555 2050 1641 2100 τὸν
1679 2058 1767 2115 τῆς

71 2124 316 2182 πολιτείας
348 2122 645 2189 ἀναιροῦντα
677 2118 904 2191 θεσμόν).

186 2197 282 2245 Sed
321 2201 574 2247 auctorem
615 2199 1025 2247 declamationem
1064 2198 1263 2246 Libanii
1303 2199 1464 2247 simile
1504 2215 1765 2263 argumen-

71 2273 178 2318 tum
203 2274 502 2320 tractantem
518 2289 646 2334 quae
662 2272 1070 2337 Κάλλαισχρος
1094 2275 1335 2335 inscripta
1360 2277 1435 2321 est
1458 2276 1573 2322 ante
1599 2274 1765 2322 oculos

71 2344 303 2394 habuisse
335 2347 507 2394 multis
538 2347 658 2395 locis
696 2348 923 2408 apertum
954 2349 1043 2406 est,
1074 2364 1100 2394 e
1132 2348 1309 2409 quibus
1351 2364 1505 2395 unum
1538 2348 1766 2396 attulisse

72 2419 195 2468 satis
236 2419 331 2467 erit
362 2437 408 2482 p.
436 2421 560 2482 448,
584 2423 646 2469 19
697 2418 981 2485 ἐγχειρίδιον
1020 2419 1118 2469 ὑπὸ
1153 2420 1308 2484 μάλης
1340 2422 1558 2485 λαβοῦσα
1598 2420 1679 2469 καὶ
1711 2421 1764 2471 τὸ

73 2491 319 2555 δωμάτιον
357 2492 649 2543 εἰσελθοῦσα
689 2487 839 2558 οὗπερ
878 2491 1065 2557 ἐτρύφα
1104 2489 1222 2542 καθ’
1268 2491 1409 2558 ἡμῶν
1456 2493 1640 2553 ἐκεῖνος
1683 2493 1764 2543 καὶ

70 2564 187 2624 τοὺς
219 2563 308 2629 μὲν
340 2564 636 2631 ὀφθαλμοὺς
668 2567 737 2626 εἰς
768 2565 858 2629 τὴν
890 2574 979 2616 τοῦ
1011 2567 1259 2633 τυράννου
1304 2567 1503 2633 σφαγὴν
1535 2567 1651 2631 μετὰ
1681 2566 1763 2617 καὶ

70 2646 158 2701 τῆς
196 2639 351 2706 χειρὸς
390 2638 737 2702 ἀποτείνουσα,
784 2647 841 2708 τῇ
890 2638 942 2689 δὲ
980 2641 1151 2711 γνώμη
1193 2641 1316 2708 πρὸς
1359 2641 1488 2705 ὑμᾶς
1526 2640 1764 2706 ἀφορῶσα

71 2711 156 2760 τὸν
189 2713 349 2777 δῆμον
380 2713 462 2762 καὶ
492 2722 549 2783 τῇ
582 2714 704 2779 πρὸς
736 2713 821 2763 τὸν
852 2711 1011 2780 ἄνδρα
1050 2724 1228 2784 στοργῇ
1268 2715 1358 2780 τὴν
1396 2713 1518 2781 ὑπὲρ
1551 2723 1648 2764 τῶν
1680 2714 1762 2764 νό-

71 2805 177 2849 μων
209 2785 511 2836 ἆντιτιθεῐσα
542 2787 768 2851 σπουδὴν
799 2788 932 2836 παίει
962 2789 1158 2855 καιρίαν
1182 2789 1267 2838 τὸν
1291 2783 1382 2852 ὑφ’
1413 2783 1474 2838 οὗ
1498 2788 1763 2853 παιόμενος

72 2856 98 2907 ὁ
132 2859 290 2923 δῆμος
320 2859 533 2925 ἠνείχετο
567 2861 649 2910 καὶ
690 2866 778 2930 μιᾷ
816 2865 976 2930 πληγῇ
1010 2861 1095 2912 τὸν
1128 2860 1215 2926 μὲν
1255 2863 1323 2921 εἰς
1363 2860 1610 2924 τοῦδαφος
1646 2861 1762 2925 μετὰ

0 2968 1 2972 ,
26 2973 30 2976 .
69 2931 152 2982 καὶ
183 2941 270 2997 τῆς
294 2933 410 2997 ὅλης
434 2935 725 2999 τυραννίδος
748 2933 995 2999 κατέβαλε,
1022 2935 1137 2995 τοὺς
1162 2934 1214 2985 δὲ
1239 2936 1424 3000 νόμους
1449 2935 1761 2994 πεπτωκότας

159 3025 356 3056 humulus
372 3025 429 3055 ed.
444 3025 679 3057 Foerster.
697 3026 784 3057 VII.
1350 3023 1405 3060 ‘28
