2014 3158
373 115 781 161 PHILADELPHI
810 114 1237 160 ABDICATIONIS
1268 114 1506 159 ΡΕΤΙΤΙΟ
1690 114 1798 167 633

104 262 212 324 μνῇ
251 254 341 307 καὶ
381 253 598 306 σκεύεσι
639 255 909 322 λαμπροῖς
948 245 1090 305 εἶναι
1138 252 1239 319 τὴν
1279 251 1580 321 εὐθυμίαν;
1626 252 1688 306 τὸ
1737 249 1797 304 δὲ

105 342 228 413 οὐχὶ
259 342 522 405 τοιούτως
555 344 679 411 ἔχει.
717 343 918 405 πόθεν;
959 339 1076 394 ἀλλ’
1117 339 1326 410 ἐκείνης
1357 341 1459 410 μὲν
1490 339 1798 409 ἡγουμένης

105 429 167 485 ἔν
205 446 315 485 τισι
353 430 444 485 καὶ
483 431 696 485 τούτων
735 431 916 500 χάρις,
963 430 1144 499 λύπην
1184 430 1244 483 δὲ
1293 430 1525 499 ἰσχυρὰν
1565 430 1631 483 οὐ
1671 450 1796 483 κου-

106 523 247 592 φίζει
286 521 518 591 τράπεζα
564 520 891 588 πολυτελής,
938 515 1055 571 ἀλλ’
1102 519 1235 572 αὐτὸ
1276 519 1631 587 τούναντίον,
1680 527 1797 582 τοῖς

106 609 470 680 φαυλοτέροις
509 610 567 663 οί
600 614 941 671 πενθοῦντες
986 611 1258 678 χαίρουσι,
1305 607 1411 661 κᾶν
1453 611 1530 671 εἰς
1575 608 1796 678 τρυφὴν
1842 629 1863 662 5

104 700 256 770 ἄγῃς,
295 697 749 769 προσεπέτριψας.
812 697 899 751 60.
936 698 1008 765 μὴ
1050 692 1154 750 οὖν
1194 697 1317 751 οἴου
1356 718 1448 767 μοι
1495 698 1596 751 τὸν
1641 692 1796 751 οἷκον

102 795 202 841 τοῦ
248 788 452 858 πατρὸς
506 787 702 855 ἱκανὴν
754 786 1100 855 παράκλησιν
1154 788 1232 848 εἰς
1286 788 1518 855 ἄσκησιν
1567 785 1796 840 ἔσεσθαι

103 877 376 945 τοσαύτην
414 875 732 947 βεβλημένῳ
771 876 862 928 καὶ
894 874 1194 945 ἐπίρρωσιν
1225 883 1320 945 τῆς
1353 875 1533 946 ῥώμης
1568 874 1794 945 ἐκείνης,

102 965 309 1035 <ἀλλὰ>
354 966 669 1019 κατάλυσιν.
725 961 811 1035 ἆρ’
861 963 932 1018 ἂν
983 967 1232 1034 πείσαιμῖ
1286 964 1462 1033 λέγων
1516 966 1588 1028 ὡς
1644 963 1795 1038 ῥᾴων

101 1052 293 1125 ἔσομαι
332 1061 427 1123 τῆς
469 1055 644 1117 οἰκίας
684 1052 927 1107 ἐκπεσὼν
967 1053 998 1123 ἢ
1038 1054 1243 1122 μένων;
1294 1062 1400 1107 νῦν
1437 1053 1540 1121 μέν
1579 1074 1641 1123 γε
1679 1057 1792 1108 κίν-
1818 1076 1862 1109 ιο

102 1144 277 1197 δυνον
314 1139 425 1213 ἔχει
455 1163 550 1213 μοι
582 1143 643 1196 τὸ
677 1142 1050 1212 συγγενέσθαι
1081 1143 1335 1214 τάδελφῷ
1366 1141 1456 1197 καὶ
1490 1142 1674 1207 δεξιὰν
1708 1141 1795 1211 ἐμ-

22 1284 23 1287 ,
100 1235 292 1301 βαλεῖν
329 1230 419 1286 καὶ
461 1231 651 1286 ἐλθεῖν
691 1234 767 1296 εἰς
807 1235 1020 1302 λόγους.
1060 1231 1152 1286 καὶ
1193 1234 1374 1303 ὥσπερ
1416 1234 1473 1287 oc
1510 1233 1575 1285 τὰ
1616 1234 1795 1286 δεινό-

3 1372 6 1375 ,
99 1342 231 1375 τατα
271 1323 511 1391 δρῶντες
545 1320 552 1394 Ι
587 1320 647 1376 ἑν
687 1327 762 1394 τῷ
810 1327 1009 1376 λαθεῖν
1053 1320 1242 1392 ἔχουσι
1288 1323 1391 1391 τὴν
1437 1322 1612 1392 ἀσφά-
1660 1327 1780 1371 RIV
1798 1332 1882 1371 703

101 1414 273 1479 λειαν,
315 1411 458 1465 οὕτω
498 1409 589 1464 καὶ
629 1411 783 1482 ἡμεῖς
821 1413 977 1479 μόλις
1014 1410 1104 1465 καὶ
1153 1412 1338 1483 λάθρα
1384 1420 1547 1466 τοῦτο
1587 1416 1794 1482 τολμῶ-

98 1519 213 1568 μεν.
266 1501 350 1553 61.
391 1499 586 1555 πολλοὶ
633 1501 695 1555 δὲ
735 1503 788 1555 οἱ
827 1500 1180 1570 κατάσκοποι,
1223 1504 1513 1571 συμπόται,
1551 1503 1797 1570 κόλακες,
1822 1524 1864 1556 15

100 1588 305 1643 οἰκέται
343 1588 434 1643 καὶ
473 1589 710 1644 θέουσιν
761 1591 936 1653 εὐθὺς
978 1592 1127 1662 παρὰ
1173 1598 1374 1646 τοῦτον
1419 1590 1510 1644 καὶ
1554 1590 1791 1661 παροξύ-

3 1691 9 1698 ’
98 1693 296 1733 νουσιν
344 1678 403 1732 ἐν
452 1673 536 1743 οἷς
585 1682 835 1748 ζημιοῦσι
889 1682 1248 1749 χαριζόμενοι.
1302 1678 1393 1733 καὶ
1447 1681 1507 1733 τὸ
1564 1682 1794 1734 δεῖπνον

4 1781 15 1824 ”.
98 1767 230 1836 ἡμῖν
269 1768 533 1822 ἐντεῦθεν
581 1767 887 1838 ἐγκλήματα
935 1770 1025 1822 καὶ
1072 1767 1282 1840 γραφαὶ
1330 1770 1421 1823 καὶ
1467 1771 1601 1838 μετὰ
1643 1769 1792 1823 ἀπει-

99 1860 213 1911 λῶν
265 1857 297 1926 ἡ
352 1859 537 1926 θοίνη.
597 1858 766 1912 πάλιν
818 1857 1002 1929 ἕτερος
1057 1858 1302 1922 ἐκείνους
1363 1859 1794 1927 εὐδοκιμοῦντας

7 1947 11 1959 ’
100 1947 237 2000 ἰδὼν
276 1943 540 2017 φυλάττει
579 1948 670 2000 καὶ
707 1955 868 2001 πονεῖ
904 1948 1029 2017 περὶ
1061 1949 1161 2017 τὴν
1191 1950 1379 2018 θήραν
1409 1947 1500 2001 καὶ
1531 1948 1795 2011 πολλάκις
1818 1970 1862 2003 20

98 2037 133 2090 ἅ
170 2034 215 2089 τ’
256 2032 403 2090 εἶδεν
442 2037 476 2089 ἅ
515 2034 560 2089 τ’
602 2036 704 2090 οὐκ
743 2030 892 2090 εἶδεν
931 2036 1274 2106 ἀπήγγειλεν.
1315 2036 1343 2091 ὁ
1386 2034 1447 2090 δὲ
1485 2038 1660 2107 πατὴρ
1702 2038 1794 2090 ἄλ-

27 2225 29 2227 ⁴
7 2055 23 2218 ,nutv-ar

221 2262 242 2300 1
278 2254 492 2313 ἀθυμίαν
518 2257 611 2301 Ath
732 2261 757 2300 2
783 2257 893 2331 οὐχὶ
923 2256 1144 2309 τοιούτως
1174 2257 1340 2314 scripsi
1371 2258 1558 2301 auctore
1581 2256 1791 2302 Iacobsio

100 2315 206 2373 App
238 2316 351 2360 Pors
383 2316 486 2359 Adv
511 2320 596 2360 284
658 2315 742 2373 οὐχ
774 2312 912 2371 ἧττον
944 2333 1090 2368 ουτως
1113 2317 1407 2361 LPAthMos
1439 2316 1530 2360 edd
1601 2315 1684 2373 οὐχ
1717 2333 1792 2361 ου-

98 2391 188 2427 τως
212 2377 258 2420 Β
402 2380 428 2417 3
459 2375 606 2419 τούτω
633 2376 726 2419 Ath
869 2381 894 2419 6
928 2371 1059 2420 οἶνον
1084 2376 1336 2421 AthMosB
1367 2376 1470 2420 Mor
1509 2376 1589 2419 sed
1624 2375 1673 2419 in
1706 2375 1793 2419 hoo

99 2452 153 2492 γρ
187 2430 317 2479 οἷκον
349 2434 398 2477 in
429 2448 563 2492 marg
594 2436 685 2488 et,
689 2448 797 2490 ,mm
827 2437 1012 2480 omnino
1044 2436 1248 2492 improbo
1282 2437 1473 2480 alteram
1504 2437 1598 2480 lect.
1632 2430 1775 2480 οἷκον*
1781 2438 1793 2458 ‘

99 2493 195 2538 Not
225 2493 418 2538 f.V113
565 2498 588 2537 7
622 2492 818 2551 ἄσκησιν
842 2496 888 2540 Ρ
924 2495 1006 2539 sed
1044 2512 1100 2552 γρ
1140 2494 1299 2539 α”κεσιν
1338 2495 1387 2538 in
1422 2508 1557 2552 marg
1633 2493 1793 2538 ἄκεσιν

14 2564 28 2596 ἰ
99 2552 202 2597 Mor
234 2553 316 2598 sed
347 2552 405 2596 ἴσ.
441 2551 624 2609 οἴκησιν
655 2552 704 2596 in
735 2567 870 2628 marg
1013 2558 1039 2598 8
1073 2555 1207 2629 ‚sm-t.
1240 2553 1440 2613 τοσαύτῃ
1480 2553 1599 2611 λύπῃ
1633 2553 1792 2626 βεβλη-

14 2598 32 2668 ξ
102 2609 223 2670 μένῳ
248 2611 337 2668 (vel
363 2614 599 2672 συμφορᾷ)
625 2613 709 2656 οὐκ
734 2610 977 2668 ἐπίρρωσις
999 2620 1081 2670 τῆς
1105 2610 1259 2671 ῥ’ὠμης
1283 2599 1475 2667 ἐκεῖνος,
1508 2611 1624 2657 ἀλλὰ
1650 2611 1792 2656 κατά-

16 2666 32 2744 ξ
100 2673 255 2722 λυσις“
289 2671 355 2715 Re
383 2674 390 2727 Ι
417 2671 498 2715 καὶ
530 2657 779 2726 ἐπίρρωσιν
812 2671 977 2729 scripsi
1041 2670 1288 2728 ἐπίρρωσιν
1316 2672 1610 2717 LPAthMos
1641 2671 1733 2715 edd

101 2731 181 2774 καὶ
211 2730 404 2787 praevia
435 2729 508 2774 lac
540 2734 565 2773 9
597 2729 677 2774 litt
700 2732 747 2775 B
788 2732 795 2784 Ι
833 2737 915 2788 τῆς
946 2731 1098 2790 ῥώμης
1121 2730 1308 2806 ἐκείνης
1332 2731 1378 2774 Ρ
1406 2730 1488 2774 sed
1519 2729 1604 2787 τὴν
1635 2727 1792 2787 ρώμην

16 2690 35 2994 ξ
102 2745 254 2845 ἐκείνη
286 2790 336 2833 in
367 2803 502 2846 marg
550 2791 556 2845 Ι
599 2785 752 2846 ρώμης
783 2789 885 2835 Μοι·
916 2791 997 2835 sed
1022 2808 1077 2848 γρ
1110 2787 1255 2847 ρύμης
1285 2789 1335 2833 in
1366 2804 1499 2846 marg
1620 2794 1645 2833 9
1678 2789 1791 2833 ἀλλὰ

101 2875 276 2921 inserui
338 2891 414 2922 om
444 2876 554 2921 libri
585 2877 675 2922 edd
800 2883 853 2923 12
886 2879 1002 2931 ἐςΒ
1124 2883 1177 2922 21
1216 2866 1351 2928 ἄλλος
1375 2879 1419 2922 L

20 3042 29 3078 ἓ
74 3072 79 3076 .

21 3091 42 3158 'oe
