2014 3158
872 668 1063 721 XLIV.

229 794 539 843 Declamatio
570 794 813 854 inscripta
844 790 1048 856 Νόμος
1079 790 1180 840 τὸν
1221 790 1316 841 ἐπὶ
1354 798 1455 857 τῆς
1494 790 1811 856 ἐκκλησίας

115 866 387 932 ὀφθέντα
425 865 598 927 ξένον
628 864 1044 930 ἀποθνήσκειν
1075 864 1187 915 ὑπὸ
1219 873 1322 915 τοῦ
1347 873 1692 933 στρατηγοῦ.
1726 864 1810 925 ξέ-

115 961 220 1002 νος
251 939 466 1005 ὄφθεὶς
498 939 872 1007 ἀπαγόμενος
903 940 1016 1004 ἔφη
1056 959 1107 989 τι
1141 940 1396 1005 μηνύειν
1435 939 1590 1006 ἔχειν
1630 938 1811 1006 ἀπόρ-

115 1034 309 1083 ρητον.
357 1013 705 1064 ἀπέκτεινεν
752 1013 936 1065 αὐτὸν
980 1012 1006 1065 ὁ
1055 1014 1395 1081 στρατηγός.
1444 1013 1585 1078 μετὰ
1631 1022 1812 1064 ταῦτα

114 1089 501 1157 ἕτυραννήθη
547 1086 578 1153 ἡ
626 1088 811 1148 πόλις.
864 1086 1307 1148 καταλυθέντος
1360 1097 1464 1138 τοῦ
1510 1089 1811 1156 τυράννου

114 1164 379 1229 κρίνεται
410 1161 486 1223 ὥς
520 1163 834 1227 συνειδώς,
868 1180 966 1226 qua
997 1157 1302 1229 strategusl)
1328 1180 1379 1212 se
1411 1163 1647 1226 defendit,
1680 1163 1812 1226 quod

115 1239 431 1303 peregrinum
461 1239 514 1286 in
545 1240 771 1288 contione
796 1238 1155 1301 deprehensum
1180 1239 1450 1287 seeundum
1473 1239 1635 1303 legem
1663 1239 1812 1286 inter-

112 1314 333 1375 fecisset,
394 1313 619 1375 quamvis
673 1313 715 1361 is
774 1329 1010 1362 arcanum
1063 1312 1196 1375 quod
1248 1312 1480 1375 proderet
1527 1328 1577 1360 se
1631 1311 1812 1361 habere

114 1387 342 1449 dixisset,
382 1389 504 1436 artis
535 1387 841 1435 Libanianae
881 1386 1265 1436 admiratoribus
1304 1387 1436 1434 haud
1467 1388 1669 1451 ingrata
1698 1387 1811 1435 fuit.

115 1461 292 1524 Itaque
324 1477 424 1509 non
458 1458 712 1523 ‘corporis’
745 1461 925 1509 finibus
965 1462 1178 1510 coercita
1216 1463 1402 1510 mansit
1441 1461 1526 1510 sed
1565 1463 1716 1509 etiam
1759 1460 1812 1507 in

114 1537 312 1599 eologas
343 1536 558 1584 transiit.
601 1535 804 1585 Codices
829 1537 998 1584 autem
1022 1535 1200 1597 quibus
1225 1535 1287 1583 ad
1311 1536 1439 1584 hanc
1464 1537 1680 1583 aetatem
1703 1551 1811 1597 per·

115 1611 255 1659 venit
286 1613 402 1658 sunt
431 1610 487 1657 hi
520 1610 610 1658 18:

231 1684 423 1746 Incipio
457 1700 486 1732 a
519 1679 913 1747 ‘corporalibus’.

233 1761 277 1806 1.
309 1757 754 1807 Laurentianus
778 1757 921 1806 LVII
939 1760 1006 1806 27
1033 1751 1129 1824 (=
1146 1750 1211 1824 L)
1244 1773 1374 1805 anno
1411 1759 1550 1806 1392
1585 1759 1813 1806 exaratus

116 1833 201 1882 fol.
230 1834 373 1882 2025
407 1832 534 1880 Vide
566 1835 601 1880 t.
627 1832 652 1881 I
683 1849 730 1894 p.
757 1833 824 1880 59
845 1848 917 1895 sq.
951 1831 1179 1880 Contulit
1209 1847 1372 1879 meum
1395 1833 1450 1880 in
1471 1847 1617 1880 usum
1639 1830 1813 1880 Hiero-

117 1922 295 1969 nymus
328 1907 519 1955 Vitelli.
1001 1940 1003 1942 -

230 1981 428 2036 Exhoo
459 1981 732 2042 descriptus
765 1983 840 2029 est

233 2058 278 2103 2.
311 2054 903 2103 Wolfenbuttelanus
924 2054 1027 2102 511
1058 2053 1367 2103 Gudianus
1392 2071 1464 2118 gr.
1485 2056 1550 2102 77
1579 2069 1703 2102 saec.
1720 2053 1814 2101 XV

118 2129 203 2177 fol.
231 2131 352 2178 218.
383 2128 511 2177 Vide
535 2131 569 2177 t.
589 2129 613 2176 I
643 2146 691 2191 p.
718 2129 784 2176 59
804 2144 874 2191 sq.
910 2127 1134 2176 Contulit
1157 2128 1359 2176 Reiskia
1389 2130 1442 2176 in
1473 2144 1622 2177 usum
1643 2127 1815 2175 mariti

119 2203 206 2265 qui
238 2219 349 2250 eum
378 2203 550 2251 littera
582 2203 646 2249 W
677 2202 950 2266 insignivit.

229 2277 306 2324 Ex
335 2277 426 2324 hoc
457 2293 546 2339 per
578 2276 843 2324 editionem
874 2276 1239 2324 Ferrariensem
1272 2276 1416 2324 fluxit

234 2352 279 2398 3.
314 2351 760 2399 Esourialensis
792 2346 993 2398 Τ-Π-9
1021 2343 1152 2418 (145
1178 2352 1231 2398 in
1256 2351 1483 2414 catalogo
1507 2340 1811 2415 Milleriano)

120 2439 244 2472 saec.
270 2424 402 2472 XVI.
451 2425 579 2472 Vide
610 2428 644 2472 t.
669 2424 695 2472 I
725 2441 771 2486 p.
801 2425 884 2472 67.

242 2567 283 2622 1)
315 2565 420 2609 Non
462 2566 519 2609 de
558 2579 651 2609 uno
691 2578 715 2608 e
756 2564 917 2608 decem
955 2565 1051 2609 illis
1093 2564 1452 2609 Atheniensium
1495 2563 1691 2607 ducibus
1732 2563 1813 2606 sed

122 2624 180 2668 de
224 2639 402 2669 summo
445 2624 727 2684 magistratu
773 2623 967 2667 militari
1010 2624 1093 2680 qui
1134 2624 1230 2668 iam
1275 2623 1486 2680 tyrannis
1531 2621 1706 2666 exactis
1753 2621 1811 2664 ab

120 2683 396 2740 Aristagora
426 2683 610 2727 Milesio
650 2684 700 2726 in
737 2683 895 2726 Ioniae
934 2683 1128 2727 urbibus
1167 2683 1414 2727 institutus
1446 2682 1569 2739 (Her.
1597 2681 1635 2724 V
1660 2684 1733 2737 38)
1766 2683 1814 2724 et

122 2744 278 2787 aetate
303 2743 615 2787 Romanorum
647 2742 820 2798 ubique
846 2742 1090 2786 restitutus
1123 2745 1224 2787 erat
1248 2742 1373 2798 (Luc.
1400 2754 1501 2784 nav.
1528 2745 1552 2793 ξ
1581 2744 1635 2783 14
1661 2739 1813 2796 ἄπαγε

121 2801 238 2856 πρὸς
268 2802 349 2846 τὸν
389 2800 665 2858 στρατηγόνς
707 2800 867 2845 Chion.
909 2815 981 2858 ep.
1008 2807 1144 2858 13‚2;
1183 2802 1286 2845 Aet.
1321 2801 1468 2857 apost.
1504 2804 1572 2854 16,
1592 2803 1647 2842 20
1665 2813 1732 2854 sq.
1766 2800 1814 2843 et

124 2865 179 2904 35
198 2875 265 2916 sq.
309 2860 484 2904 Charit.
508 2860 572 2904 IV
596 2863 640 2917 5)
681 2859 985 2917 cogitandum
1028 2862 1111 2904 est.
1176 2860 1243 2905 Cf.
1283 2875 1328 2916 p.
1357 2863 1561 2913 483‚17;
1605 2862 1812 2918 484,13;

122 2923 223 2973 485,
245 2924 296 2962 12
317 2934 382 2974 sq.
416 2922 463 2963 et
498 2925 550 2963 16
569 2934 659 2975 sq.;
691 2923 943 2975 488‚6sq.;
977 2923 1143 2974 489,6;
1178 2924 1336 2974 518,2.
