2014 3158
346 101 468 147 PRO
502 100 775 146 MULIERE
808 99 1232 145 TYRANNICIDA
1263 100 1501 146 ΡΕΤΙΤΙΟ
1667 102 1777 155 473

0 230 5 261 Ῑ
81 238 115 306 ἡ
154 239 312 300 πόλις
350 238 484 307 μετὰ
522 234 615 290 ’καὶ
653 246 765 290 τῶν
803 237 1019 290 παίδων
1057 235 1460 306 ἐπιψηφιεῖται,
1499 236 1590 291 καὶ
1622 234 1778 307 ξιφη-

81 333 374 396 φοροῦσαν
428 326 502 389 ὡς
555 324 823 396 ἡμετέραν
875 325 1162 396 γράψομεν
1211 329 1529 395 Δήμητραν.
1599 312 1686 381 74.
1725 330 1784 380 τί

82 413 312 479 στένεις;
358 417 417 468 τί
453 415 731 483 δακρύεις;
777 417 832 467 τί
869 410 931 467 δὲ
969 414 1202 476 τούτους
1241 414 1429 486 ὑφορᾷ
1467 418 1598 478 τοὺς
1644 414 1779 486 πρὶν

81 504 378 573 περιδεεῖς,
417 506 546 566 τοὺς
585 504 959 573 ὑποτρόμους,
1004 503 1649 571 τοὺςσυνεσταλμένους
1687 504 1777 558 καὶ

83 600 190 646 νῦν
227 593 493 660 κομψούς,
532 593 828 661 εὐρυβόας,
866 592 1045 645 πολλὰ
1084 592 1600 662 στωμυλλομένους,
1647 599 1777 647 πολ·
1826 616 1846 648 5

85 683 216 744 λοὺς
264 680 488 751 ῥέοντας
534 679 614 734 ἐπ’
663 681 972 749 ἐκκλησίας;
1023 681 1096 749 μὴ
1145 679 1331 734 δέδιθι
1379 680 1503 751 περὶ
1543 691 1638 751 τῆς
1675 686 1773 752 ψή-

83 791 211 839 φου.
253 773 390 840 ἔχεις
428 772 560 833 τοὺς
599 771 858 832 δικαστὰς
896 766 991 838 ἀφ’
1039 765 1119 823 ὧν
1157 771 1287 832 τοὺς
1325 773 1531 839 νόμους
1570 770 1778 825 ἀπέδω-

0 878 9 882 “
83 879 195 922 κας.
249 857 389 930 ἔχεις
434 859 533 912 τὸν
581 859 760 928 δῆμον
806 856 901 927 ἀφ’
956 854 1035 911 ὧν
1084 859 1319 929 εἰργάσω
1369 861 1639 913 δεσπότου
1686 882 1778 913 τυ-

84 956 424 1016 ραννοῦντος
463 945 779 1016 ἐλεύθερον.
845 946 929 1000 75.
970 948 1125 1012 σώζει
1166 962 1269 1000 σου
1307 951 1436 1011 τοὺς
1475 951 1675 1012 παῖδας
1712 951 1777 1003 τὰ

84 1038 309 1107 δάκρυα.
363 1037 456 1090 διὰ
496 1033 555 1089 σὲ
596 1037 701 1106 γὰρ
741 1036 774 1105 ἡ
813 1038 971 1099 πόλις
1018 1037 1120 1090 οὐκ
1160 1036 1384 1105 ἀνδρῶν
1431 1038 1670 1107 σφαγάς,
1710 1039 1776 1092 οὐ
1802 1061 1844 1092 ιο

79 1135 361 1194 γυναικῶν
399 1124 664 1194 ἁρπαγάς,
704 1125 771 1179 οὐ
809 1126 1025 1179 παίδων
1060 1123 1066 1197 Ι
1100 1125 1290 1196 ὕβρεις
1324 1126 1596 1195 ὀδύρεται.
1644 1132 1764 1182 RIV
1782 1137 1866 1177 817

81 1216 219 1284 πρὸς
266 1209 454 1269 οἶκτον
499 1223 657 1285 κοινῇ
712 1215 919 1279 πάντας
972 1215 1033 1268 τὸ
1088 1217 1286 1270 καινὸν
1338 1223 1433 1284 τῆς
1488 1228 1779 1286 συμφορᾶς

84 1303 383 1372 ἐφέλκεται.
424 1297 508 1367 οἷς
548 1305 653 1374 γὰρ
693 1302 784 1357 καὶ
823 1305 994 1357 τᾶλλα
1032 1305 1422 1372 μεταπλάττεις
1454 1304 1540 1358 ἐπὶ
1573 1307 1634 1358 τὸ
1667 1326 1777 1358 και-

80 1395 334 1462 νότερον,
382 1394 601 1456 τούτοις
647 1391 737 1446 καὶ
785 1400 894 1446 νῦν
939 1394 1141 1457 παῖδας
1186 1394 1467 1463 τυράννου
1507 1395 1779 1458 δεικνύεις

80 1480 441 1549 ἐλεουμένους
496 1483 589 1535 διὰ
642 1485 1088 1551 τυραννοκτόνον
1141 1481 1345 1552 μητέρα
1407 1484 1776 1553 δακρύουσαν.
1802 1506 1844 1537 15

85 1571 168 1624 76.
210 1568 350 1640 ἔχεις
386 1572 493 1639 ἤδη
533 1573 664 1634 τοὺς
702 1569 914 1634 παῖδας.
954 1572 1045 1624 καὶ
1084 1571 1330 1640 φύλαττέ
1357 1592 1451 1640 μοι
1489 1571 1647 1642 μέχρι
1686 1572 1776 1626 καὶ

81 1658 272 1722 τέλους
329 1668 425 1729 τῆς
487 1661 709 1728 γνώμης
767 1661 828 1713 τὸ
891 1661 1318 1728 μισοτύραννον.
1379 1659 1469 1713 καὶ
1532 1664 1778 1730 λαβοῦσα

0 1774 7 1808 ·.
83 1749 230 1816 παρὰ
286 1757 385 1802 τοῦ
442 1750 621 1818 δήμου
678 1748 892 1818 στέργε,
954 1748 1142 1819 τρέφε,
1196 1749 1478 1818 νουθέτει,
1531 1752 1777 1819 παίδευε,

201 1902 226 1940 2
260 1896 393 1941 Chor.
426 1898 514 1952 tyr.
548 1910 593 1951 p.
623 1899 691 1949 75,
713 1900 765 1938 12
785 1909 852 1951 sq.
902 1897 910 1951 Ι
959 1894 1094 1939 Hom.
1127 1895 1171 1939 h.
1204 1894 1257 1939 in¹
1287 1894 1383 1940 Cer.
1414 1900 1440 1939 4
1586 1901 1610 1939 6
1643 1896 1774 1940 Dem.

81 1970 172 2001 cor.
203 1972 249 2013 p.
275 1961 376 2010 272,
394 1960 450 1999 20
575 1959 629 1998 10
662 1954 719 1998 cf.
752 1969 796 2011 p.
822 1958 923 2009 446,
943 1960 968 1998 2
987 1969 1053 2010 sq.

202 2095 223 2133 1
258 2097 349 2134 τῶν
375 2090 465 2133 Μα
504 2088 584 2132 sed
620 2105 646 2132 ν
683 2087 776 2131 add
807 2087 877 2130 m'
924 2090 932 2145 Ι
982 2088 1340 2144 ξιφηφοροῦσαν
1380 2088 1544 2145 scripsi
1584 2091 1775 2133 auctore

83 2149 254 2194 Cobeto
286 2147 387 2193 coll
420 2153 504 2191 302
569 2144 682 2204 ξίφη
715 2154 958 2203 φοροῦσαν
989 2147 1100 2191 libri
1131 2148 1200 2192 Re
1322 2152 1346 2190 2
1380 2147 1604 2205 Δήμητρα
1630 2147 1776 2194 Cobet

82 2211 131 2253 at
158 2209 215 2253 cf.
242 2209 430 2262 t.1292‚
451 2212 528 2262 133
561 2206 625 2250 VI
643 2210 712 2260 38,
731 2211 757 2249 3
881 2211 907 2250 3
939 2207 1123 2266 ὑφορᾷς
1154 2207 1315 2251 Iacobs
1342 2206 1483 2251 Schul
1604 2212 1630 2251 5
1662 2225 1773 2263 κομ-

82 2267 217 2324 ψούς,
250 2266 476 2325 εὐρυβόας
508 2265 674 2323 scripsi
749 2266 961 2323 κομψοὺς
999 2265 1228 2325 εὐρυβόας
1264 2266 1373 2310 libri
1405 2267 1472 2311 Re
1523 2269 1529 2323 Ι
1578 2268 1774 2318 πολλοὺς

80 2385 247 2442 scripsi
287 2385 420 2442 (Mus.
453 2385 599 2429 Rhen.
633 2383 804 2427 xxxn
835 2386 908 2442 95)
984 2384 1131 2430 πολλὰ
1171 2356 1282 2442 (affl
1302 2386 1374 2440 oz)
1414 2384 1524 2428 libri
1563 2385 1630 2428 Re

83 2450 104 2488 7
139 2443 387 2496 ἀπέδωκας
418 2443 583 2500 scripsi
616 2442 706 2487 coll
729 2457 774 2499 p.
801 2447 902 2497 437,
922 2447 976 2487 10
1039 2442 1277 2496 ἐπέδωκας
1309 2444 1420 2488 libri
1452 2444 1520 2488 Ro
1641 2448 1667 2487 8
1699 2445 1772 2488 δε-

77 2502 249 2560 σπότην
276 2504 365 2548 Ma
397 2504 478 2547 sed
509 2520 594 2559 την
625 2502 675 2546 in
706 2516 782 2546 ras
814 2502 885 2546 m'
1005 2507 1030 2546 9
1071 2504 1201 2557 σώζει
1231 2503 1418 2559 reposui
1451 2516 1476 2547 e
1500 2502 1633 2546 libris
1666 2516 1771 2546 cum
1834 2517 1836 2519 ·

77 2563 287 2607 Iacobsio
321 2562 460 2606 Schul
500 2564 547 2605 ot
580 2561 761 2605 Sintoni
837 2562 949 2614 σώζε
979 2561 1048 2606 Re
1194 2568 1245 2607 11
1279 2562 1436 2620 ὕβρεις
1468 2561 1634 2618 scripsi
1665 2574 1689 2604 e
1720 2562 1774 2606 ΟΖ

79 2624 164 2666 Mo
226 2621 356 2680 ὕβρις
382 2622 470 2665 Μα
482 2623 568 2665 Vat
601 2621 667 2664 Re
806 2625 858 2663 12
890 2621 1006 2676 πρὸς
1038 2617 1195 2666 οἶκτον
1225 2628 1360 2679 κοινῇ
1394 2621 1574 2671 πάντας
1605 2621 1770 2676 scripsi

139 2681 256 2736 πρὸς
298 2677 455 2725 οἶκτον
499 2687 620 2725 κινεῖ
656 2678 836 2730 πάντας
869 2681 1016 2726 MaGl
1089 2681 1207 2736 πρὸς
1249 2677 1405 2726 οἶκτον
1449 2686 1570 2724 κινεῖ
1610 2682 1771 2735 (κινεῖς

0 2796 2 2799 y
88 2741 191 2796 Vat)
217 2739 409 2790 πάντας,
439 2740 557 2795 πρὸς
589 2735 745 2783 οἶκτον
768 2744 902 2795 κοινῆ
929 2740 1051 2795 (κινη
1080 2742 1164 2785 Mo
1190 2741 1270 2783 sed
1301 2756 1346 2784 οι
1369 2752 1509 2795 supra
1534 2742 1565 2794 ι)
1589 2737 1770 2789 πάντας

84 2799 259 2843 VatMo
293 2799 374 2843 scd
404 2799 454 2842 in
484 2799 573 2842 hoc
605 2794 762 2842 οἶκτον
794 2805 901 2855 κινῆ
934 2797 1024 2852 dcl,
1056 2798 1124 2842 Re
1270 2803 1323 2842 15
1353 2800 1446 2854 μδα
1477 2799 1564 2841 Μα
1596 2797 1677 2841 sed
1708 2814 1766 2854 μρ

0 2889 4 2908 ,
72 2856 122 2900 in
153 2871 228 2901 ras
259 2858 329 2902 m²
463 2862 515 2900 17
549 2865 630 2914 τῆς
668 2857 843 2913 inserui
874 2870 899 2901 e
930 2856 1062 2901 libris
1104 2872 1208 2902 cum
1238 2856 1450 2901 Iacobsio
1482 2856 1594 2900 Lech
1626 2855 1768 2900 Schul

0 2911 7 2978 ξ
80 2916 83 2973 k
121 2917 460 2972 μισοτύραννον
484 2918 575 2961 Μα
607 2916 687 2959 sed
719 2916 836 2971 τύρα
867 2916 917 2959 in
947 2929 1022 2960 ras
1053 2916 1124 2959 m'
1723 2915 1726 2918 ⁴
