2044 3168
141 83 224 145 AD
256 100 756 146 ANTECEDENTEM
785 98 1314 145 DECLAMATIONEM
1344 98 1677 144 ANTILOGIA
1727 98 1831 151 169

137 233 289 290 ἔστιν
343 236 567 305 ἀληθῶς
612 239 773 290 λαλιὰ
817 238 879 290 τὸ
927 238 1059 306 μήτε
1114 242 1428 305 σωφρονεῖν
1474 234 1534 289 ἐν
1581 244 1699 297 τοῖς
1738 236 1828 287 λό-

137 345 255 392 γοις
307 327 439 394 μήτε
493 333 556 395 τῇ
611 328 767 397 χρείᾳ
827 325 1061 387 τούτους
1121 333 1518 394 παραμετρεῖν,
1580 323 1704 393 οὐχὶ
1764 324 1825 375 τὸ

135 413 319 476 ἁπλῶς
365 413 572 482 λέγειν,
621 416 669 467 εἰ
717 415 790 483 μὴ
836 414 1016 467 πάντα
1054 414 1267 482 ῥήματα
1305 414 1503 466 λαλιὰν
1548 411 1829 481 ὀνομάζεις

137 502 313 565 αὐτός.
353 502 444 555 καὶ
470 504 574 571 γὰρ
599 511 800 557 τοῦτον
831 503 930 556 τὸν
960 505 1169 571 τρόπον
1200 498 1332 555 οὐδὲ
1364 502 1452 569 σύ,
1476 501 1664 569 πάτερ,
1695 502 1828 570 ἡμῖν

135 594 419 660 μακρόθεν
458 590 650 663 ἑστήξῃ
697 593 861 645 τοῦδε
899 599 998 645 τοῦ
1037 589 1518 660 προσφθέγματος.
1574 590 1659 644 53.
1701 587 1825 644 εἷεν.
1874 610 1893 642 5

133 681 236 750 τὴν
268 681 329 734 δὲ
361 681 535 750 ρ”ῶσιν
564 688 664 734 τοῦ
696 682 944 749 σώματος
973 690 1088 743 πῶς
1119 676 1190 747 ἦν
1222 678 1418 749 ἑτέρως
1445 681 1826 747 οἰκονομῆσαι;

135 772 204 822 σὺ
245 767 489 838 δίδαξον,
527 770 665 839 πρὸς
702 774 862 839 θεοῦ,
902 769 1089 838 ἐπειδὴ
1127 767 1219 822 καὶ
1258 770 1327 822 σὺ
1366 770 1536 836 μόνος
1574 770 1706 838 ἡμῖν
1745 770 1826 821 δι-

136 858 407 921 δάσκαλος
443 865 544 911 τοῦ
582 858 899 928 πράγματος
931 858 1176 922 λέλειψαι
1208 868 1321 910 τῶν
1352 859 1536 912 ἄλλων
1567 858 1828 911 ἁπάντων

134 945 536 1016 ἐληλεγμένων,
591 946 696 1016 ἐγὼ
744 944 805 1001 δὲ
852 948 978 1001 οὔτε
1024 948 1124 1000 τὸν
1168 948 1363 1016 καιρὸν
1407 935 1566 1017 ᾔδειν
1614 946 1827 1000 ἐκεῖνον

135 1037 262 1090 οὔτε
300 1044 408 1092 νῦν
447 1033 551 1105 ἔχω
592 1035 814 1103 εἰδέναι,
864 1033 933 1091 οὗ
972 1036 1134 1106 χάριν
1173 1030 1325 1106 οἶμαι
1363 1035 1456 1089 καὶ
1495 1038 1827 1106 συγγνώμης
1851 1054 1894 1086 ιο

134 1127 345 1188 δίκαιος
370 1125 440 1178 ἂν
465 1122 625 1194 εἶναι,
651 1131 707 1179 εἴ
723 1146 774 1179 τι
799 1135 911 1179 τῶν
935 1127 1179 1179 δεόντων
1202 1125 1482 1194 ἀγνοήσας
1504 1124 1826 1194 παρέλιπον.

132 1213 224 1268 καὶ
262 1215 412 1278 τίνος
451 1216 556 1283 γὰρ
597 1216 768 1268 ἄλλου
809 1235 871 1283 γε
911 1216 1013 1283 δεῖ,
1053 1215 1193 1269 ὅπου
1233 1216 1304 1284 μὴ
1344 1218 1686 1286 προαίρεσιν,
1725 1216 1827 1283 τὴν

133 1302 182 1357 δ’
229 1305 459 1372 ἄγνοιαν
499 1303 759 1374 ἀφορμὴν
797 1301 921 1374 ἔσχε
959 1306 1020 1358 τὸ
1060 1313 1301 1373 πταῖσμα
1344 1307 1645 1374 συμβῆναι;
1684 1303 1827 1358 ἀλλ’

132 1391 209 1462 ᾔδ
220 1412 312 1456 εις
344 1393 500 1446 αὐτό
511 1413 551 1455 ς.
589 1391 680 1446 καὶ
712 1395 770 1446 τί
796 1395 962 1447 τοῦτό
995 1413 1057 1462 γε
1088 1394 1225 1463 πρὸς
1261 1392 1369 1463 ἐμέ,
1402 1394 1537 1447 ὅταν
1567 1394 1639 1462 μὴ
1671 1392 1825 1446 καλέ-

134 1496 232 1545 σας
278 1483 532 1551 εῑρήκεις·
588 1478 629 1534 ὦ
676 1493 814 1547 παῖ,
867 1482 1247 1555 βουλομένῳ
1300 1496 1403 1536 σοι
1456 1482 1573 1550 τὴν
1625 1485 1825 1536 νόσον
1851 1498 1892 1531 15

134 1571 545 1640 ἀποσοβῆσαι
593 1572 666 1624 τὰ
712 1570 819 1624 καὶ
865 1573 939 1625 τὰ
977 1571 1249 1640 ποιητέα
1294 1568 1476 1625 ἔσται
1522 1573 1628 1625 καὶ
1674 1572 1825 1624 τάδε

131 1663 234 1729 μή;
273 1659 379 1714 κᾶν
416 1661 489 1729 μὴ
529 1659 749 1728 αὐτίκα,
791 1660 865 1724 ὡς
903 1659 1172 1729 ἐκέλευες,
1210 1658 1415 1729 ἔδρων,
1455 1660 1574 1714 ἀλλ’
1619 1661 1824 1729 ὠλιγώ-

132 1767 273 1818 ρουν
309 1749 401 1802 καὶ
438 1748 774 1819 παρέτρεχον
813 1750 951 1812 ὅλως
990 1750 1023 1819 ἢ
1063 1750 1403 1814 ἐσπούδαζον
1440 1747 1543 1817 μὲν
1579 1749 1706 1820 περὶ
1747 1751 1825 1819 σέ,

133 1838 235 1906 οὐχ
275 1839 348 1900 ὡς
387 1841 456 1892 σὺ
497 1836 558 1892 δὲ
588 1837 939 1909 προσέταξας,
979 1839 1046 1892 οὐ
1079 1840 1253 1908 μόνον
1291 1842 1368 1902 είς
1406 1841 1648 1906 τουτονί,
1688 1839 1825 1894 ἀλλὰ

132 1927 222 1980 καὶ
262 1929 342 1990 εἰς
379 1929 480 1981 τὸν
517 1929 643 1996 περὶ
675 1937 851 1998 ψυχῆς
882 1927 1070 1997 ἀγῶνα
1100 1937 1378 1999 προσῆκεν
1413 1928 1824 1998 ἐγκαταστῆσαι.
1849 1944 1892 1976 20

133 2014 262 2068 ἀλλ’
305 2013 459 2070 οὐδὲ
498 2015 602 2070 σοὶ
641 2019 977 2087 γνώριμον
1013 2013 1089 2085 ἦν
1129 2015 1327 2071 οὐδὲν
1364 2020 1533 2087 πλὴν
1571 2027 1681 2087 τῆς
1719 2021 1825 2071 νό-

132 2118 265 2158 σου.
291 2102 408 2158 οὐδ’
434 2104 574 2173 ἐμοί,
597 2107 783 2175 πάτερ.
809 2105 987 2176 ἰατροὶ
1012 2103 1060 2159 δ’
1086 2106 1426 2176 ἐρωτώμενοι
1450 2105 1607 2160 πάντ’
1632 2104 1826 2175 ἔλεγον

133 2194 278 2261 πλὴν
307 2194 510 2262 ὑγείας.
550 2194 725 2257 οὕτως
756 2190 825 2263 ἦν
858 2195 1245 2264 ἁπανταχόθεν
1277 2194 1513 2249 ἐνστᾶσα
1543 2196 1576 2264 ἡ
1609 2195 1825 2263 ἀπορία.

130 2283 270 2351 πρὸς
308 2290 478 2336 ταῦτα
526 2286 585 2336 τί
627 2282 793 2353 ἐχρῆν
839 2283 1013 2347 οὕτως
1058 2286 1217 2347 ὄντος
1263 2282 1324 2338 ἐν
1370 2284 1688 2353 ὀφθαλμοῖς
1723 2292 1823 2337 τοῦ

131 2372 402 2425 κινδύνου
439 2371 665 2441 βλέπειν
702 2373 838 2442 πρὸς
877 2374 943 2426 τὰ
979 2374 1208 2441 κιβώτια
1253 2372 1344 2427 καὶ
1391 2375 1490 2427 τὸν
1537 2373 1598 2426 ἐν
1636 2374 1823 2435 αὐτοῖς
1849 2387 1889 2420 25

132 2458 256 2512 ἀντὶ
303 2468 403 2514 τοῦ
450 2463 843 2530 γεγεννηκότος
888 2462 1167 2531 περιέπειν
1221 2464 1453 2531 χρυσόν;
1508 2462 1699 2531 χάριεν
1753 2461 1823 2515 ἂν

132 2543 203 2615 ἦν
242 2547 331 2602 καὶ
370 2549 583 2619 πρέπον
620 2559 732 2603 τῶν
771 2559 886 2603 σῶν
923 2550 1062 2621 ὑπὲρ
1101 2559 1201 2603 τοῦ
1241 2551 1437 2613 παιδὸς
1482 2552 1690 2619 πόνων,
1729 2571 1823 2604 κα-

133 2639 241 2699 λῶς
280 2634 342 2690 δὲ
379 2638 469 2691 καὶ
515 2639 647 2708 ἡμῖν
686 2638 935 2707 ἀπεδόθη
976 2639 1045 2692 ἂν
1083 2641 1219 2707 πρὸς
1260 2637 1319 2692 σὲ
1358 2640 1424 2692 τὰ
1463 2648 1694 2709 τροφεῖα
1732 2638 1821 2692 καὶ

131 2733 243 2777 τῶν
282 2723 522 2779 ἐλπίδων
553 2727 655 2780 οὐκ
687 2730 926 2781 ἔλαττον.
966 2727 1052 2780 54.
1085 2734 1206 2781 εἴθε
1237 2748 1298 2796 γε
1327 2724 1416 2796 ἦν,
1447 2728 1634 2797 πάτερ,
1666 2727 1823 2780 ἀσπί-

249 2860 277 2898 4
310 2857 451 2912 σύπερ
475 2858 519 2901 L
642 2862 697 2902 10
729 2865 844 2902 νοῦν
869 2858 912 2901 L
937 2859 945 2915 1
972 2866 1128 2915 τυχεῖν
1156 2861 1266 2914 post
1297 2860 1566 2915 συγγνώμης
1596 2858 1823 2902 excidisse

131 2913 321 2959 videtur
444 2922 497 2960 14
531 2917 645 2961 αὐτό
671 2917 714 2960 L
836 2921 890 2960 27
926 2917 983 2961 cf.
1018 2917 1156 2974 Soph.
1190 2918 1263 2961 Ai.
1290 2923 1375 2962 534
