2020 3146
632 97 823 142 AVARI
853 95 1079 142 MORTIS
1109 95 1347 141 ΡΕΤΙΤΙΟ
1767 97 1835 149 27

143 233 403 301 μέλλοντι
444 233 829 303 δυσχεραίνειν
867 234 928 287 τὸ
971 236 1081 302 ζῆν.
1144 233 1229 285 34.
1270 231 1377 301 ἐγὼ
1418 230 1479 286 δὲ
1518 231 1609 286 καὶ
1650 234 1838 286 δοίδυ-

144 343 243 385 xos-
296 327 524 376 οἴκοθεν
576 321 878 386 κλαπέντος
917 323 1158 392 ὡρακιῶ,
1197 321 1302 375 κᾶν
1341 323 1512 392 χύτρα
1553 325 1838 392 συντριβῇ,

137 414 450 481 Ῡπλήττομαι
499 414 600 481 τὴν
644 414 854 480 ψυχήν,
907 411 1012 464 κᾶν
1064 414 1285 480 ἔκπωμα
1338 418 1503 464 τοῦτο
1550 411 1723 481 πάθῃ,
1768 417 1843 482 τῷ

144 503 519 570 παραπεσόντι
573 500 720 570 βέλει
774 510 986 570 χρῶμαι
1046 502 1182 554 κατὰ
1242 510 1353 554 τῶν
1415 501 1691 554 διακόνων
1748 499 1838 552 καὶ

146 590 317 644 οὐδὲν
356 590 496 652 ὅλως
534 589 738 659 ἐξαιρεῖ
772 609 881 658 μου
920 591 1023 659 τὴν
1061 590 1258 658 λύπην.
1297 591 1358 664 τὸ
1396 590 1499 659 γὰρ
1542 592 1738 658 ζωμοῦ,
1776 589 1838 641 τὸ
1885 609 1905 641 5

146 680 251 749 γὰρ
291 679 441 733 ἁλῶν
478 678 786 748 ὑφελέσθαι
825 680 950 732 τινὰ
989 679 1080 731 καὶ
1120 684 1176 732 εἴ
1206 698 1258 731 τι
1294 679 1458 732 τοῦδε
1491 678 1838 747 φαυλότερον

147 770 248 823 οὐκ
295 767 355 822 ἐν
402 771 560 839 ζημίᾳ
605 767 826 832 θετέον;
880 767 911 836 ἢ
962 768 1028 821 οὐ
1081 769 1173 821 καὶ
1226 777 1338 821 τῶν
1392 767 1542 820 ἁλῶν
1590 767 1681 819 καὶ
1727 776 1838 819 τῶν

146 858 416 911 τοιούτων
468 857 727 910 ἁπάντων
780 858 945 926 τιμὴν
997 857 1431 926 καταβάλλομεν;
1472 859 1680 925 χιλίων
1734 851 1838 908 οὖν

147 948 406 1015 δραχμῶν
460 946 566 1000 ἀπὸ
621 955 715 1014 τῆς
769 945 900 1016 ἐμῆς
954 948 1130 1010 οἰκίας
1183 945 1550 1016 ἡρπασμένων
1598 947 1691 1013 ζῆν
1746 963 1837 1012 μοι

143 1044 422 1105 παραινεῖς
476 1038 523 1089 εἰ
577 1037 682 1105 γὰρ
738 1034 1032 1105 ἐνείμασθε
1084 1036 1223 1107 πρός
1274 1055 1341 1102 με
1386 1036 1485 1088 τὸν
1530 1034 1838 1103 θησαυρόν,
1863 1054 1906 1087 ιο

144 1125 248 1179 οὐκ
282 1128 289 1190 Ι
324 1123 491 1195 ἐχρῆν
538 1124 936 1195 ἀποθνήσκειν·
991 1132 1100 1178 νῦν
1146 1125 1208 1178 δὲ
1254 1124 1388 1177 ὅλον
1442 1126 1657 1193 ἔχοντες
1704 1127 1927 1171 RIV210

146 1212 452 1283 ἀπέσχεσθε
484 1211 615 1267 οὐδὲ
654 1224 767 1267 τῶν
806 1216 1008 1283 ἄλλων,
1048 1213 1166 1267 ἀλλ’
1206 1212 1557 1285 έπορθήσατέ
1591 1233 1697 1282 μου
1739 1213 1839 1280 τὴν

143 1304 394 1371 κιβωτόν.

258 1391 343 1446 35.
384 1396 539 1462 Ναί,
580 1395 732 1464 φησί,
771 1396 969 1462 νόμος
1008 1394 1128 1463 γὰρ
1172 1389 1264 1462 ἧν.
1303 1400 1468 1446 τοῦτο
1511 1391 1596 1461 δέ,
1644 1391 1692 1444 εἰ
1738 1387 1840 1458 μὲν

142 1483 490 1552 κατηγόρουν
534 1482 692 1550 ὑμῶν
737 1482 799 1537 ἐν
845 1483 1151 1551 δικασταῖς,
1201 1478 1272 1551 ἦν
1317 1483 1388 1534 ἄν
1434 1501 1516 1544 τις
1555 1480 1836 1547 ἀπολογία.
1863 1498 1904 1532 15

265 1678 290 1716 2
323 1673 379 1717 ef.
414 1674 474 1718 ad
505 1675 538 1718 t.
564 1673 628 1718 VI
653 1679 754 1730 531,
775 1678 797 1716 7

265 1826 290 1864 2
332 1822 556 1877 ὡρακιῶ
595 1821 773 1878 λέγεται
814 1821 986 1877 κυρίως
1024 1822 1076 1866 τὸ
1117 1821 1166 1866 ἐν
1237 1819 1471 1871 αλανείοις
1509 1820 1728 1876 ἐκλύομαι
1759 1820 1840 1863 καὶ

143 1884 413 1939 λειποψυχῶ
445 1883 525 1926 καὶ
558 1889 811 1939 σκοτοῦμαι
847 1883 928 1926 καὶ
959 1883 1127 1940 ὠχριῶ.
1168 1897 1346 1938 γινεται
1385 1880 1435 1924 δὲ
1477 1879 1569 1924 ἀπὸ
1602 1886 1685 1924 τοῦ
1725 1877 1838 1934 ὥρα

146 1941 224 1984 καὶ
255 1948 336 1985 τοῦ
370 1939 605 1998 αἰκίζομαι
634 1941 684 1984 in
707 1955 842 1999 marg
866 1942 909 1985 L
941 1941 1000 1986 ef.
1026 1940 1168 1984 schol.
1203 1940 1264 1984 ad
1295 1940 1436 1983 Arist.
1468 1954 1566 1983 ran.
1593 1943 1701 1993 4813
1734 1952 1836 1996 pao.

146 2005 247 2043 702.
279 1999 351 2043 Et.
385 2000 445 2043 M.
479 2015 523 2056 p.
550 2005 651 2055 823,
669 2006 726 2043 34

266 2154 289 2193 1
330 2149 382 2193 τὸ
414 2149 484 2193 Va
515 2148 597 2192 sed
630 2149 653 2193 ὸ
686 2149 736 2192 in
766 2163 841 2193 ras
872 2149 942 2192 m²
1016 2154 1080 2210 τῷ
1097 2149 1306 2195 PaOlLa
1337 2148 1439 2192 Mor
1470 2147 1548 2191 sed
1582 2148 1632 2191 in
1663 2148 1751 2190 hoo
1783 2163 1838 2203 γρ

143 2208 196 2252 τὸ
229 2208 278 2251 in
308 2221 455 2265 marg,
488 2208 556 2252 Re
591 2210 596 2264 Ι
632 2206 683 2252 δὲ
716 2222 791 2252 om
818 2209 869 2254 Ol
902 2210 910 2266 Ι
945 2206 1137 2261 ὃίδυκος
1160 2209 1235 2253 La
1357 2214 1382 2252 2
1417 2207 1618 2252 ἔνδοθεν
1643 2208 1689 2251 Β
1716 2210 1722 2265 Ι
1749 2205 1839 2251 κᾶν

145 2311 310 2370 χύτρα]
335 2312 479 2369 χύτρα
512 2310 572 2357 ἂν
596 2314 671 2357 Ρα
702 2312 805 2356 Mor
940 2316 965 2355 3
998 2316 1059 2371 τῷ
1090 2281 1487 2368 παραπῑξὲῧῖᾌότι
1517 2310 1641 2369 μέλει
1668 2312 1721 2357 01

265 2375 292 2413 4
323 2372 399 2415 καὶ
435 2385 511 2415 om
534 2374 607 2417 Pa
738 2379 762 2415 5
796 2371 937 2416 οὐδὲν
968 2373 1038 2417 Va
1070 2373 1152 2415 sed.
1185 2389 1235 2416 εν
1266 2373 1316 2416 in
1346 2386 1422 2416 ras
1454 2387 1478 2415 θ
1510 2371 1596 2427 μὲν
1626 2373 1681 2415 ut
1711 2372 1836 2416 vide-

144 2432 224 2474 tur
254 2444 356 2474 corr
386 2429 456 2474 m²
525 2430 635 2475 οὐδὲ
669 2430 751 2487 μὲν
776 2432 851 2476 La
920 2432 1030 2476 οὐδὲ
1063 2431 1154 2488 μὴν
1180 2433 1231 2477 Ol
1279 2435 1286 2488 Ι
1337 2432 1451 2482 ὅλως
1484 2432 1553 2475 Va
1584 2432 1665 2474 sed
1698 2449 1759 2482 ως
1789 2433 1839 2475 in

145 2502 222 2532 ras
253 2489 324 2532 m'
372 2492 379 2546 Ι
429 2489 605 2546 ἐξαιρεῖ
632 2490 796 2546 scripsi
830 2504 854 2534 e
881 2491 933 2536 Ol
964 2505 1069 2534 cum
1102 2490 1259 2535 Gasda
1328 2489 1500 2545 ἐξαίρει
1528 2490 1699 2546 reliqui
1731 2490 1839 2534 libri

145 2548 238 2592 edd
359 2553 385 2591 6
417 2550 584 2593 τούτου
611 2550 662 2594 Ol
673 2551 742 2595 Va
864 2554 888 2592 7
919 2548 1121 2595 θεατέον
1146 2552 1219 2594 Ρα
1253 2554 1260 2606 Ι
1295 2548 1324 2606 ἢ
1356 2551 1411 2594 οὐ
1445 2565 1518 2594 om
1544 2551 1617 2595 Pa
1644 2552 1650 2606 Ι
1690 2549 1839 2595 ἄλλων

147 2608 222 2651 Ρα
233 2607 301 2652 Va
327 2610 334 2664 Ι
362 2607 584 2653 ἁπάντων
606 2611 715 2666 post
738 2609 887 2654 ἄλλων
920 2610 989 2654 Va
1108 2613 1134 2652 8
1166 2609 1389 2654 ἁπάντων
1412 2624 1488 2654 om
1512 2610 1587 2654 La
1614 2610 1620 2668 Ι
1649 2610 1704 2654 οὐ
1730 2611 1838 2653 ante

146 2666 282 2723 τιμὴν
306 2668 380 2711 Ρα
429 2670 436 2724 Ι
482 2667 827 2727 καταβάλλομεν
858 2667 995 2724 τιμὴν
1020 2669 1095 2713 La
1136 2670 1142 2726 Ι
1184 2669 1522 2727 κατεβάλλομεν
1549 2668 1603 2714 Ol
1628 2672 1633 2721 Ι
1662 2669 1714 2715 δὲ
1738 2670 1840 2713 Mor

292 2731 345 2770 10
377 2728 419 2771 εἰ
442 2729 486 2771 L
518 2728 600 2772 sed
631 2741 687 2771 ex
719 2729 774 2772 οὐ
808 2741 908 2772 con·
937 2727 1008 2770 m'
1144 2733 1196 2772 11
1232 2727 1277 2772 δ’
1310 2729 1439 2775 OlLa
1451 2729 1519 2772 Va
1553 2729 1559 2787 Ι
1587 2727 1691 2773 οὐδ’
1730 2731 1837 2773 ante

148 2783 255 2830 ὅλον
280 2787 355 2830 La
367 2787 435 2831 Va
570 2793 623 2831 12
656 2785 914 2844 ἀπέσχεσθε
947 2786 1111 2843 scripsi
1173 2786 1403 2845 ἀπέχεσθε
1434 2787 1543 2831 libri
1575 2788 1664 2831 edd
1693 2790 1699 2845 Ι
1729 2789 1837 2834 οὐδὲ

147 2857 222 2888 om
249 2844 457 2890 GlLaVa
483 2848 490 2902 Ι
516 2844 568 2892 τὸ
601 2846 817 2904 κιβώτιον
842 2847 915 2890 Pa
939 2846 1040 2890 Mor
1070 2846 1139 2890 Re
1171 2847 1228 2892 cf.
1254 2849 1287 2891 t.
1312 2846 1376 2890 III
1400 2851 1501 2901 417,
1522 2851 1575 2890 16
1700 2853 1752 2891 15
1787 2847 1837 2892 ἐν

149 2916 224 2946 om
250 2903 303 2947 ΟΖ
328 2906 335 2960 Ι
363 2906 576 2949 δικασταὶ
603 2907 656 2951 Ol
