2020 3146
197 110 268 163 86
415 106 418 142 ;
614 109 845 154 LIBANII
874 109 1267 155 DECLAMATIO
1300 110 1492 155 xxxm

195 244 320 299 ἀλλ’
366 246 761 299 ἐπικίνδυνα
799 244 907 298 καὶ
956 247 1203 315 φθάνει
1250 248 1359 309 τὰς
1407 246 1766 314 εὐπραγίας
1810 248 1887 299 τὰ

191 336 462 404 κύματα,
501 335 608 387 καὶ
646 335 961 397 πολλάκις
1000 335 1073 387 τὰ
1104 335 1223 404 μὲν
1262 338 1551 404 χρήματα
1590 335 1888 404 διώλεσε,

103 427 224 472 RIV
243 433 327 472 626
375 426 525 486 τοὺς
559 423 628 476 δὲ
662 421 668 494 Ι
703 422 1141 492 κεκτημένους
1166 423 1547 477 ἀποδύσασα
1571 422 1890 476 διέσωσεν

191 504 288 575 οἷς
326 511 557 582 κέρδος
594 508 672 580 ἦν
713 513 1204 580 συγκαταδῦναι
1244 522 1382 575 τοῖς
1423 514 1741 582 φορτίοις.
1783 531 1888 580 γε-

144 603 395 671 εωργία
450 598 518 654 δὲ
580 611 840 671 πρᾶγμα
903 600 1204 669 ἀσφαλές.
1268 600 1386 654 κᾶν
1449 603 1567 670 γὰρ
1630 601 1699 654 τὸ
1761 610 1888 667 τῶν

191 689 375 759 ὡρῶν
415 690 696 742 ἄτακτον
749 688 1068 759 έμποδίσῃ
1121 692 1274 752 τοὺς
1320 691 1634 757 καρπούς,
1681 691 1888 743 πολλὰ

189 779 264 831 τὰ
331 779 747 848 παραμύθια,
818 780 984 848 ἔρια,
1059 781 1279 846 τυρός,
1350 779 1537 847 γάλα,
1607 780 1889 848 ταρσοὺς

189 865 597 936 πλεξάμενον
637 867 1041 935 ἀποδόσθαι,
1074 866 1201 930 κᾶν
1239 868 1446 920 πάντα
1487 867 1775 937 ἐπιλίπῃ,
1814 868 1888 919 τά

189 974 259 1023 γε
292 957 607 1026 ,φρύγανα
654 954 943 1025 ὑπάρξει.
996 954 1099 1008 15.
1140 954 1232 1008 καὶ
1270 952 1341 1024 ἧν
1379 976 1473 1024 μοι
1511 957 1649 1025 πρὸς
1686 963 1888 1009 τοῦτον

123 1064 166 1099 10
190 1034 372 1113 ἐκείνη
429 1042 661 1114 συνεχὴς
714 1045 994 1114 ὑποθήκη·
1058 1041 1100 1097 ὦ
1155 1045 1450 1111 παιδίον,
1505 1054 1631 1097 τῶν
1688 1046 1886 1113 ἰχνῶν

187 1130 338 1203 ἔχου
378 1143 505 1186 τῶν
544 1143 879 1202 πατρικῶν
916 1133 1022 1186 καὶ
1062 1142 1189 1186 τῶν
1227 1132 1545 1200 κειμένων
1583 1141 1655 1204 τῇ
1696 1134 1886 1186 πόλει

187 1224 405 1292 νόμων
443 1219 649 1291 μηδὲν
694 1223 857 1291 ἥττω
906 1224 1109 1291 νόμον
1160 1223 1274 1275 τὸν
1323 1222 1480 1291 ἐμὸν
1525 1222 1690 1291 ἡγοῦ
1741 1225 1883 1290 τρό-

186 1328 323 1365 πον.
379 1307 574 1373 οὗτος
623 1310 695 1364 δέ
746 1310 882 1364 ἐστι
930 1321 1057 1364 τῶν
1096 1309 1211 1380 μὲν
1258 1314 1466 1365 ὄντων
1506 1312 1883 1380 φείδεσθαι,

187 1409 323 1463 τοῖς
370 1398 419 1452 δ’
467 1395 615 1454 οὖσι
661 1387 1114 1470 προστιθέναι.
1177 1402 1418 1463 ἵππους
1465 1397 1585 1469 μὲν
1632 1400 1883 1469 ἀδηφα-

119 1510 162 1544 15
188 1496 470 1557 γοῦντας
510 1497 738 1557 φεῦγε,
792 1489 1020 1558 στέργε
1069 1487 1137 1541 δὲ
1185 1491 1336 1552 τοὺς
1374 1489 1884 1557 ὑλαγωγοῦντας

185 1578 383 1640 ’ὄνους
421 1576 528 1630 καὶ
567 1579 818 1630 τούτων
856 1581 1008 1640 τοὺς
1040 1577 1309 1647 ἀχύροις
1341 1580 1452 1646 ζῆν
1484 1577 1880 1645 ἀγαπῶντας.

185 1674 312 1719 τῶν
367 1667 640 1719 οἰκετῶν
693 1669 848 1729 τοὺς
893 1667 1008 1733 μὲν
1063 1666 1430 1736 ἀργοῦντας
1483 1666 1881 1735 ἐλευθέρους

185 1753 480 1823 ἀφιέναι,
535 1765 842 1825 κρεῖττον
891 1756 1009 1825 γὰρ
1058 1755 1091 1823 ἢ
1139 1754 1427 1825 τρέφειν’
1481 1753 1623 1823 παρ’
1680 1751 1766 1808 ὧν
1813 1753 1881 1808 δὲ

182 1845 535 1914 πρόσοδος,
599 1843 667 1897 ἐν
732 1849 846 1916 ἴσῳ
909 1853 1045 1906 τοῖς
1106 1851 1420 1911 γονεῦσιν
1480 1845 1680 1910 ἄγειν.
1741 1852 1880 1906 τοῖς

305 2008 330 2047 9
363 2019 430 2060 sq.
464 2004 597 2049 Chor.
632 2017 755 2048 avar.
790 2009 814 2057 ξ
839 2008 895 2047 83
929 2020 973 2061 p.
994 2009 1096 2059 524,
1115 2009 1170 2047 30
1296 2008 1350 2046 14
1382 2003 1440 2047 cf.
1466 2004 1526 2047 ad
1551 2019 1595 2060 p.
1615 2008 1684 2057 16,
1705 2008 1759 2046 10

186 2068 241 2108 15
273 2063 331 2107 cf.
364 2079 409 2119 p.
437 2069 506 2118 17,
528 2069 549 2106 1
580 2065 586 2120 Ι
615 2063 744 2107 Dem.
777 2063 949 2107 Phaon.
982 2079 1026 2119 p.
1057 2068 1185 2118 1041,
1206 2067 1230 2105 2

305 2217 327 2255 1
362 2215 539 2267 φθονεῖ
562 2211 808 2256 LaViOlB
821 2212 889 2255 Va
921 2212 1001 2254 sed
1033 2212 1081 2254 in
1115 2212 1203 2255 hoc
1236 2210 1267 2254 ά
1298 2225 1438 2268 supra
1469 2227 1516 2265 0,
1549 2210 1709 2254 Macar
1741 2212 1789 2253 et
1820 2228 1874 2267 γρ

100 2324 104 2330 ἱ
182 2270 234 2314 in
263 2284 399 2345 marg
429 2271 531 2315 Mor
565 2273 571 2327 Ι
598 2278 699 2321 ταῖς
739 2269 1013 2327 εὐπραγίαις
1039 2271 1138 2315 GZB
1150 2271 1218 2314 Va
1278 2278 1380 2338 ταῖς
1419 2268 1660 2352 εὐπορίαξις
1683 2270 1759 2313 La
1794 2270 1875 2312 sed

183 2330 460 2386 εὐπραγιαις
491 2343 706 2404 suprascr
736 2344 771 2383 s,
806 2331 861 2374 Vz·
893 2330 975 2374 sed
1008 2327 1282 2404 εὐπραγιαις
1312 2329 1361 2372 in
1392 2342 1554 2402 marg
1555 2327 1625 2371 m²
1746 2333 1770 2370 3
1805 2331 1874 2373 δι-

184 2387 338 2443 έσωσε,
369 2387 533 2443 κέρδος
564 2385 610 2431 δ’
638 2384 696 2444 ἦν
722 2389 881 2432 Macar
999 2393 1027 2431 4
1059 2386 1259 2444 γεωργὸς
1280 2389 1326 2432 Β
1449 2393 1474 2432 5
1507 2385 1596 2432 κάν
1623 2413 1677 2420 —
1704 2392 1729 2431 6
1762 2405 1874 2442 καρ-

181 2448 301 2499 πούς
332 2448 449 2491 estat
480 2447 568 2491 lex,
602 2447 865 2491 Darmstad.
898 2447 962 2491 fol
998 2452 1106 2491 113v
1144 2447 1413 2503 praemissis
1449 2446 1602 2491 verbis
1644 2442 1872 2503 ἐμποδίζω

183 2506 430 2564 αἰτιατικῇ.
462 2505 686 2580 Λιβάνιος
718 2509 764 2549 et
796 2509 995 2563 excerpt.
1030 2507 1294 2550 Darmstad.
1323 2505 1391 2550 fol
1416 2511 1526 2550 335V
1557 2505 1792 2561 adscripto
1824 2505 1874 2548 in

182 2565 394 2622 margine
409 2567 633 2639 Λιβανιος
754 2570 778 2608 6
812 2564 1036 2622 ἐμποδίση
1063 2567 1137 2610 La
1162 2565 1244 2609 sed
1269 2582 1313 2609 οι
1338 2578 1478 2621 supra
1501 2583 1530 2621 η
1554 2579 1577 2609 s
1699 2569 1722 2607 7
1755 2564 1874 2620 γάλα

182 2638 258 2668 om
285 2625 339 2669 Ol
387 2628 393 2681 Ι
441 2621 611 2678 ταρσὸν
639 2625 701 2667 Μ
771 2624 998 2680 ταλάρους
1025 2626 1077 2670 Gl
1107 2627 1155 2668 et
1186 2642 1239 2680 γρ
1272 2624 1322 2667 in
1353 2639 1485 2681 marg
1515 2624 1616 2668 Mor
1759 2627 1786 2666 8
1818 2641 1872 2679 γρ

183 2683 388 2728 ἐπιλίποι
417 2683 466 2726 in
498 2695 632 2740 marg
664 2682 765 2726 Mor
895 2687 948 2726 10
982 2683 1176 2756 συνεχὴς
1209 2685 1265 2728 Vi
1297 2683 1378 2726 sed
1391 2682 1628 2757 συγγενὴς
1659 2683 1709 2725 in
1739 2695 1874 2755 marg

182 2741 253 2785 m²
375 2747 426 2785 11
461 2741 510 2786 ἐν
543 2744 652 2785 ante
682 2748 738 2798 τῇ
765 2743 810 2785 Β
949 2747 1000 2784 12
1034 2740 1152 2797 ἥττω
1186 2741 1348 2815 νόμον]
1382 2738 1520 2796 ἧττον
1554 2743 1610 2786 Π
1641 2741 1723 2786 sed
1753 2739 1871 2797 ἥττω

181 2799 327 2858 νόμον
356 2802 406 2844 in
437 2815 571 2856 marg
601 2800 670 2843 111²
712 2803 718 2857 Ι
760 2797 897 2854 ἧττον
922 2800 1078 2844 LaVa
1127 2804 1132 2857 Ι
1176 2799 1322 2855 νόμου
1348 2801 1451 2845 HV
1568 2805 1620 2843 13
1652 2797 1700 2843 δ’
1730 2801 1874 2845 LaVi

302 2866 357 2904 14
390 2859 440 2904 δὲ
468 2860 566 2904 GM
594 2860 685 2903 edd
713 2862 718 2915 Ι
747 2860 1141 2915 ἀδδηφαγοῦντας
1161 2860 1218 2903 H
1224 2859 1434 2904 VGMLa
1466 2859 1547 2903 sed
1577 2860 1627 2902 in
1658 2859 1746 2902 hoc
1771 2861 1870 2915 δ(2)

181 2918 319 2973 inser,
348 2919 445 2963 ozB
457 2919 527 2963 Va
650 2923 703 2961 19
730 2916 863 2976 ἐνίσςο
882 2919 956 2963 La
983 2921 988 2976 Ι
1016 2926 1113 2970 τοῖς
1132 2945 1184 2950 -
1204 2922 1310 2972 87,1
1338 2917 1579 2963 ἐνδιδόναι
1602 2918 1869 2974 praemissis
