2044 3168
0 0 45 141 ’1

20 175 22 198 e
349 139 595 186 IUVENIS
626 139 841 186 FORTIS
873 140 1093 186 DIVITIS
1124 141 1427 186 APOLOGIA
1638 142 1745 194 237

13 221 22 253 a

9 258 23 358 ξ
53 300 155 332 τον
201 279 557 348 ἀριστεύσας
610 280 709 331 καὶ
762 282 1073 346 δεσμωτῶν
1126 280 1526 346 αἰτησάμενος
1580 282 1750 331 λύσιν

9 357 17 375 ““
52 355 411 422 τυραννίδος
443 354 766 414 ἐπιθέσεως
798 354 908 405 ὑπὸ
941 354 1193 422 ῥήτορος
1223 356 1503 422 κρίνεται.

6 378 18 473 i
164 431 334 478 Fluxit
365 446 423 477 ex
454 430 623 478 eodem
655 430 793 478 fonte
826 445 923 492 quo
960 429 1030 479 Ul.
1094 429 1311 478 Contuli.

5 560 7 565 ,
163 505 274 554 Nisi
307 520 365 553 ex
396 505 490 553 hoc
521 504 645 567 ipso,
679 508 809 553 certe
842 520 868 552 e
898 505 1036 552 fonte
1068 505 1317 553 communi
1347 503 1491 553 fluxit
1523 505 1673 554 codex

4 554 19 647 ζ
158 581 242 627 25.
267 578 634 627 Bodleianus
654 577 1095 627 Canonicianus
1113 571 1747 646 gr.41(=Can)saec.XV

4 661 17 718 ξ
52 654 190 703 cuius
229 669 328 701 non
367 654 527 702 solum
573 652 773 701 initium
820 652 972 715 periit
1018 679 1087 685 --
1127 669 1244 701 nam
1286 653 1463 716 folium
1500 656 1527 701 1
1569 654 1747 717 incipit

1 724 17 835 ἕ
50 744 168 777 voce
194 727 360 794 τρίτην
384 744 430 790 p.
457 728 576 789 250,
597 729 626 775 5
652 754 725 760 —
751 727 835 775 sed
859 727 1010 775 etiam
1035 743 1164 789 quae
1189 727 1324 776 foliis
1354 731 1378 775 1
1402 730 1452 775 et
1473 730 1502 775 2
1529 730 1746 776 contine·

2 836 3 841 ,
48 802 231 851 bantur
268 818 452 866 magna
493 817 519 850 e
556 803 699 863 parte
740 801 906 849 diruta
947 803 1076 850 sunt.
1145 801 1272 849 Vide
1312 804 1347 850 t.
1380 801 1427 848 V
1463 819 1512 864 p.
1549 803 1652 851 186
1671 816 1743 864 sq.

1 899 7 924 :
52 876 277 938 Contuli,
316 876 400 924 sed
439 878 705 938 postquam
747 891 856 924 eum
898 876 1000 924 fere
1032 891 1143 923 cum
1176 876 1341 925 codice
1371 873 1422 924 A
1454 877 1745 938 consentire,

48 952 135 999 ubi
165 967 281 999 vero
315 950 375 998 ab
399 950 492 998 hoc
522 949 734 1011 recedat,
759 966 922 998 errare
954 950 1178 999 intellexi
1190 944 1246 1017 1),
1279 951 1514 999 lectiones
1544 951 1651 1000 eius
1684 951 1745 1000 ab

0 1071 2 1074 .
50 1028 295 1088 apparatu
328 1024 500 1072 critico
532 1023 722 1073 seclusi.

0 1093 9 1167 ζ
161 1101 244 1147 26.
279 1098 636 1161 Smyrnaeus
667 1098 998 1147 bibliothecae
1029 1099 1225 1147 scholae
1258 1099 1572 1162 evangelicae
1604 1100 1741 1148 B—9

0 1176 5 1210 -’
47 1189 170 1223 saec.
195 1173 366 1221 XVIII
397 1173 482 1221 fol.
510 1174 630 1221 397.
675 1172 964 1236 Descriptus
999 1176 1074 1222 est
1105 1190 1163 1222 ex
1194 1173 1409 1223 editione
1434 1174 1742 1222 Morelliana.

0 1258 9 1316 f,
46 1248 174 1296 Vide
205 1250 241 1296 t.
266 1248 311 1295 V
343 1264 390 1310 p.
417 1248 540 1295 415.

0 1329 3 1340 ³
160 1324 243 1370 27.
270 1321 857 1384 Hierosolymitanus
877 1321 925 1369 S.
943 1321 1219 1385 Sepulcri
1243 1322 1571 1371 bibliothecae
1587 1323 1742 1385 patri-

0 1403 11 1453 }
47 1397 258 1445 archalis
294 1398 322 1444 7
330 1398 359 1444 9
394 1410 518 1444 saec.
543 1395 636 1442 XV
667 1396 887 1444 continet
929 1397 1339 1445 declamationem
1371 1396 1504 1445 foliis
1539 1398 1624 1459 28,
1658 1401 1742 1459 11,

49 1473 132 1532 14,
161 1473 244 1532 31,
272 1471 357 1531 32,
383 1471 468 1532 34,
496 1472 580 1526 10,
605 1471 744 1519 cuius
768 1471 821 1518 in
845 1473 988 1519 textu
1013 1471 1356 1520 constituendo
1383 1487 1533 1534 quam
1557 1473 1740 1520 temere

0 1561 9 1604 1
44 1561 219 1594 manus
262 1508 613 1607 interpolatrix
651 1547 878 1609 grassata
918 1546 984 1593 sit
1026 1546 1106 1593 vel
1146 1562 1171 1594 e
1202 1546 1352 1594 titulo
1393 1560 1658 1610 cognoscas
1688 1547 1741 1594 in

0 1638 5 1664 ι
43 1621 171 1668 hanc
217 1619 428 1668 formam
474 1621 694 1667 mutato:
740 1616 793 1667 ἐν
833 1618 1136 1685 δημοκρατία
1178 1638 1274 1668 τινι
1321 1618 1741 1685 δοροδοκηθέντες

0 1696 7 1755 ἶ*
44 1691 171 1753 τινὲς
209 1691 434 1759 ἕξόρισαν
477 1690 619 1756 τιμὰς
651 1687 797 1760 (corr.
829 1686 989 1759 τινὰς)
1032 1700 1129 1742 τῶν
1172 1696 1385 1743 πολιτῶν
1423 1691 1612 1759 ἀσεβεῖς
1649 1693 1740 1743 αύ-

0 1775 2 1777 ’
44 1767 159 1827 τοὺς
189 1767 442 1832 κρίναντες
474 1764 669 1826 ἀδίκως.
703 1785 775 1825 τις
806 1764 1019 1827 ἀναστὰς
1050 1761 1153 1816 εἶπε
1185 1769 1376 1827 τούτοις
1408 1765 1624 1817 ἐναντία·
1657 1787 1739 1817 και

0 1862 3 1866 ·
42 1842 252 1902 κατάξας
275 1839 493 1900 ἐκείνους
517 1835 619 1904 μετ’
655 1838 855 1890 ἐκείνων
879 1840 994 1901 τοὺς
1023 1842 1288 1906 πολεμίους
1312 1839 1631 1908 ε’τρεπώσατο·
1656 1841 1739 1892 καὶ

43 1915 297 1983 τροπώσας
327 1912 520 1978 ἑτέρους
553 1914 802 1979 δεσμώτας
832 1913 886 1965 ἐκ
909 1923 995 1965 τοῦ
1020 1915 1357 1983 δεσμωτηρίου
1381 1914 1624 1982 ἐκβάλλει·
1657 1915 1739 1966 καὶ

42 1990 256 2056 κρίνεται
281 1986 347 2049 ὡς
371 1987 669 2055 βουλόμενος
692 1993 966 2053 τυραννεῖν.
996 1989 1124 2038 Vide
1148 1993 1184 2039 t.
1202 1990 1248 2037 V
1271 2007 1317 2054 p.
1338 1991 1442 2039 451
1456 2007 1527 2053 sq.
1546 1994 1596 2040 et
1615 1993 1736 2041 457.

42 2064 300 2113 Lectiones
355 2064 618 2112 nonnullas
670 2079 700 2110 a
747 2066 886 2112 textu
941 2064 1208 2114 Reiskiano
1261 2065 1566 2128 recedentes,
1621 2066 1738 2114 dum

45 2139 195 2188 codex
226 2139 279 2186 in
309 2138 609 2186 bibliotheca
642 2138 1053 2201 archiepiscopali
1076 2138 1381 2188 Londinensi
1405 2144 1493 2202 est,
1523 2142 1578 2188 in
1602 2141 1736 2189 sche-

45 2213 132 2262 das
164 2228 278 2262 suas
310 2228 437 2275 quae
471 2212 635 2261 codice
666 2211 826 2260 Musei
857 2212 1134 2262 Britannici
1166 2213 1450 2262 Burneiano
1485 2215 1588 2263 513
1623 2230 1734 2263 con-

42 2288 266 2335 tinentur
294 2287 493 2335 rettulit
525 2285 774 2335 Carolus
808 2286 1064 2350 Burney3
1097 2303 1123 2336 e
1152 2288 1331 2350 quibus
1356 2288 1736 2351 descriptionem

45 2361 226 2410 codicis
257 2360 444 2423 publici
475 2361 598 2410 iuris
629 2359 748 2408 fecit
771 2360 833 2408 H
859 2360 905 2409 J.
930 2361 1106 2409 Todd
1091 2378 1143 2409 in
1170 2358 1541 2411 ‘Transactions
1567 2363 1624 2411 of
1649 2363 1734 2411 the

43 2435 205 2497 Royal
229 2435 427 2498 Society
452 2435 506 2483 of
524 2435 608 2483 the
632 2431 934 2483 Literature'
959 2435 1056 2483 vol.
1073 2435 1099 2484 I
1121 2438 1248 2499 part.
1266 2436 1292 2484 I
1315 2453 1361 2499 p.
1383 2437 1486 2486 158
1506 2453 1576 2499 sq.
1609 2436 1734 2484 Vide

43 2512 78 2556 t.
106 2509 150 2555 V
181 2527 228 2572 p.
258 2510 379 2557 456.

166 2668 208 2722 1)
239 2665 305 2709 Ut
349 2664 512 2721 paucis
551 2664 802 2722 defungar,
850 2678 955 2708 cum
987 2666 1032 2710 A
1062 2666 1260 2722 praebet
1300 2681 1344 2722 p.
1371 2670 1471 2720 250,
1492 2671 1545 2710 15
1560 2665 1733 2741 ἔλεγον

44 2723 287 2782 (ἀπέλεγον
322 2724 394 2778 Cl,
427 2724 648 2769 διέπτυον
677 2723 849 2780 reliqui
882 2724 1015 2768 codd.
1046 2727 1212 2782 recte),
1244 2740 1289 2782 p
1316 2730 1419 2780 252,
1439 2730 1490 2769 17
1525 2722 1610 2770 οὖν
1623 2739 1732 2798 pro

45 2790 172 2840 γοῦν,
204 2799 249 2841 p.
275 2787 451 2838 255,18
475 2790 620 2827 νικῶν
650 2797 735 2840 pro
759 2790 913 2839 νικᾶν,
944 2798 990 2840 p.
1016 2788 1117 2838 258,
1136 2789 1161 2827 5
1188 2784 1469 2829 οἰκειοῦνται
1493 2798 1578 2841 pro
1604 2782 1732 2844 ᾠκει-

46 2849 198 2897 οῦντο,
230 2858 273 2900 p.
302 2847 476 2896 251,14
504 2843 585 2886 καὶ
615 2842 843 2887 insertum
873 2819 982 2886 aiite
1014 2842 1282 2918 κατήγορος.
1331 2843 1402 2887 Ab
1428 2845 1473 2887 A
1498 2831 1734 2900 discrepat

43 2917 90 2958 p.
117 2906 217 2957 253,
234 2907 282 2957 8,
323 2901 405 2946 sed
443 2901 568 2957 quod
606 2901 708 2958 ipse
738 2901 935 2969 praebet
964 2900 1180 2957 ἀρίστους
1210 2903 1354 2946 etiam
1383 2902 1535 2960 magis
1568 2916 1595 2946 a
1626 2916 1731 2947 vero

46 2960 234 3025 ἀριστέα
264 2937 444 3005 18881111,
474 2973 615 3016 quam
647 2960 772 3016 quod
802 2961 853 3004 in
882 2960 966 3004 illo
999 2962 1070 3004 est
1100 2958 1306 3016 ἀρίστου.
