2014 3158
232 129 339 181 624
638 129 866 173 LIBANII
897 129 1288 175 DECLAMATIO
1320 131 1514 176 XLVIII

344 264 429 317 32.
462 265 573 318 Καὶ
597 263 788 335 μηδεὶς
819 265 1024 320 οἰέσθω
1050 285 1115 336 με
1147 268 1250 336 τὴν
1280 270 1655 338 ταλαιπωρίαν
1688 267 1929 337 ἀγνοεῖν,

229 354 262 422 ἢ
301 355 400 407 τὸν
446 352 747 408 ἐκπεσόντα
791 363 886 424 τῆς
933 356 1110 418 οἰκίας
1156 347 1394 425 δέχεται,
1449 357 1546 428 τὸν
1593 359 1777 426 λιμόν,
1827 358 1929 427 τὴν

231 442 516 511 ἀλουσίαν,
534 444 635 512 τὴν
660 443 987 513 ἀγρυπνίαν,
1012 447 1388 514 ταπεινότητα,
1413 447 1734 515 κατήφειαν,
1762 445 1927 515 ἐσθη-

229 532 415 601 μάτων
455 532 716 603 ἀπορίαν,
755 539 975 604 θρῆνον
1016 541 1234 603 συνεχῆ.
1282 535 1496 588 τούτων
1542 536 1648 605 γὰρ
1695 533 1859 604 ἐγγὺς
1897 535 1926 589 ὁ

186 642 204 675 5
231 622 560 686 διδάσκαλος
599 621 690 676 καὶ
730 623 908 676 πάντα
949 622 1190 694 ἀκριβῶς
1230 617 1355 676 οἴδα
1395 624 1462 676 τὰ
1499 633 1612 676 τῶν
1651 625 1727 687 εἰς
1757 633 1927 678 ταῦτα

228 711 474 779 ἡκόντων
512 709 601 765 καὶ
644 709 811 765 οὐδὲν
852 714 936 765 δεῖ
965 732 1032 781 με
1063 713 1212 783 παρὰ
1245 720 1347 766 σοῦ
1386 718 1593 782 μαθεῖν
1635 714 1707 776 ὡς
1746 716 1825 777 εἰς
1863 715 1924 767 τὸ

229 800 522 870 βάραθρον
575 802 940 872 μετριώτερον
996 801 1252 870 ἐμπεσεῖν
1298 802 1331 871 ἢ
1373 803 1579 871 ταύτην
1632 802 1925 870 ὑπομεῖναι

228 890 331 956 τὴν
368 891 555 960 τύχην.
596 895 826 944 οἴκοθεν
863 888 968 960 ἔχω
1009 892 1107 944 τὸν
1145 893 1464 960 παιδευτήν.
1505 892 1551 944 εἰ
1589 892 1650 944 δὲ
1680 892 1927 960 ἠγνόουν

229 979 295 1030 τὰ
334 987 430 1047 τῆς
469 978 697 1049 ἐκβολῆς
738 981 894 1033 δεινά
932 979 1024 1033 καὶ
1066 981 1130 1033 οὐ
1172 985 1383 1048 μᾶλλον
1423 979 1613 1049 ἑτέρου
1653 983 1713 1034 τὸ
1752 992 1926 1052 πρᾶγτ

163 1090 206 1122 10
229 1088 303 1136 μα
341 1067 734 1139 ἐξηπιστάμην,
784 1070 884 1122 οὐκ
924 1069 994 1122 ἀν
1039 1070 1264 1123 πάντων
1311 1070 1371 1123 τὸ
1408 1069 1667 1139 μέγιστον
1705 1069 1919 1124 ἐποιού-

229 1177 337 1226 μην
378 1157 687 1211 ἀποδοῦναι
725 1157 979 1231 τάδελφῷ
1020 1160 1121 1228 τὴν
1162 1161 1357 1233 οἰκίαν.
1410 1158 1495 1211 33.
1538 1161 1606 1212 σὺ
1648 1158 1712 1212 δέ
1746 1179 1813 1229 με
1853 1160 1926 1222 ὡς

229 1244 310 1299 ἐπ’
355 1246 572 1315 ἀγαθόν
610 1267 664 1310 τι
702 1248 803 1316 τὴν
843 1247 1183 1317 ἀποκήρυξιν
1224 1248 1539 1316 ἐπείγεσθαι
1571 1249 1824 1317 νομίζεις,
1861 1249 1923 1301 τὸ

230 1332 290 1388 δὲ
346 1336 445 1405 οὐχ
502 1337 677 1400 οὕτως
732 1339 854 1405 ἔχει.
909 1339 1114 1402 πόθεν;
1166 1336 1282 1391 ἀλλ’
1331 1331 1457 1390 οἶδα
1511 1334 1613 1406 μὲν
1667 1338 1813 1390 ἅπαν
1861 1339 1922 1390 τὸ

230 1425 435 1494 δεινόν,
476 1424 730 1496 ἐπιθυμῶ
772 1426 833 1478 δὲ
873 1427 1016 1493 ὅμως
1055 1435 1149 1495 τῆς
1190 1434 1492 1495 συμφορᾶς.
1540 1429 1634 1479 καί
1669 1444 1761 1495 μοι
1801 1427 1925 1479 δότε

165 1534 205 1567 15
230 1515 331 1583 τὴν
377 1514 540 1585 χάριν
587 1516 816 1584 ταύτην,
873 1515 1058 1584 ἐπειδὴ
1113 1516 1211 1584 τὴν
1267 1515 1542 1584 προτέραν
1597 1515 1923 1584 ἐκωλύθητε.

229 1602 405 1673 ὁρᾶτε,
446 1601 487 1657 ὦ
529 1605 804 1671 δικασταί,
856 1607 986 1667 τοὺς
1026 1603 1114 1657 ἐπὶ
1153 1615 1267 1668 τοῖς
1306 1607 1581 1674 μεγίστοις
1621 1604 1923 1674 ἀτυχήμασι

230 1695 325 1761 ζῆν
373 1693 473 1745 οὐκ
521 1691 824 1757 ἀξιοῦντας.
881 1689 1034 1747 οὗτοι
1082 1691 1183 1764 μὲν
1237 1697 1335 1748 τὸν
1386 1695 1636 1748 θάνατον
1683 1695 1756 1757 ὡς
1812 1692 1924 1747 ἐστὶ

230 1783 416 1835 δεινὸν
463 1783 564 1836 οὐκ
613 1783 939 1852 ἀγνοοῦσιν,
987 1785 1092 1837 εἰσὶ
1143 1785 1247 1854 γὰρ
1295 1795 1407 1837 τῶν
1461 1780 1598 1852 ὑπὲρ
1655 1786 1924 1853 σωτηρίας

230 1870 541 1939 εὐξαμένων
579 1873 866 1938 πολλάκις,
916 1873 1062 1942 ὅμως
1101 1870 1162 1926 δὲ
1202 1872 1487 1943 ὀρέγονται
1534 1878 1795 1926 τελευτᾶν
1832 1870 1922 1925 καὶ

163 1981 206 2013 20
229 1962 327 2014 τὸν
367 1961 468 2030 μὲν
517 1960 945 2031 ἐναντιούμενον
993 1961 1225 2032 ἐχθρόν,
1272 1964 1368 2015 τὸν
1417 1962 1479 2015 δὲ
1526 1961 1811 2015 έντιθέντα
1860 1961 1922 2014 τὸ

229 2048 387 2119 ξίφος
442 2050 736 2120 εὐεργέτην
789 2052 1070 2119 ἡγοῦνται.
1132 2061 1251 2115 ταῖς
1306 2053 1409 2122 γὰρ
1472 2061 1584 2104 τῶν
1646 2050 1924 2119 δεομένων

230 2138 466 2192 ὁτουοῦν
507 2137 828 2208 ἐπιθυμίαις
869 2139 897 2193 ὁ
939 2142 1303 2209 συμπράττων
1345 2142 1519 2208 φίλος.
1560 2139 1646 2192 34.
1685 2137 1775 2192 καὶ
1814 2146 1922 2192 νῦν

229 2226 334 2295 ἐγὼ
385 2237 450 2298 τῇ
501 2225 602 2297 μὲν
657 2228 800 2298 λύπῃ
854 2230 993 2297 πρὸς
1046 2230 1146 2298 τὴν
1194 2238 1304 2283 τῶν
1353 2229 1571 2282 ἀτόπων
1618 2227 1921 2296 ἐπιθυμίαν

227 2317 364 2384 ἥκω,
412 2325 528 2378 τοῖς
576 2313 636 2368 δὲ
685 2314 931 2369 ἐνταῦθα
968 2320 1283 2385 βοηθοῦσιν
1330 2317 1660 2386 ἀείμνηστον
1707 2315 1920 2385 εἵσομαι

163 2424 205 2458 35
228 2405 330 2473 τὴν
376 2405 552 2473 χάριν.
607 2406 658 2456 εἰ
704 2403 769 2457 δέ
810 2425 894 2467 τις
939 2405 1175 2476 ὕστερον
1222 2404 1310 2458 ἐπὶ
1357 2406 1417 2457 τὸ
1465 2404 1628 2474 γέρας
1667 2404 1920 2472 ἀφίκοιτο

229 2491 445 2561 μέμψις,
483 2492 615 2563 ἐμὸν
646 2501 809 2546 τοῦτο
843 2496 980 2547 ἔστω
1014 2502 1112 2547 τοῦ
1145 2492 1521 2564 βουληθέντος
1553 2496 1761 2562 λαβεῖν,
1795 2491 1922 2546 ἀλλ’

139 2585 260 2630 RIV
278 2591 362 2630 697
408 2582 475 2634 οὐ
514 2591 625 2634 τῶν
665 2583 1001 2651 δεδωκότων,
1043 2587 1099 2636 οἳ
1133 2585 1235 2652 τὴν
1265 2583 1477 2651 ἡδονὴν
1507 2590 1606 2635 τοῦ
1638 2583 1740 2650 τὴν
1773 2582 1780 2651 Ι
1816 2583 1919 2634 δω-

229 2671 361 2740 ρεὰν
400 2672 687 2733 αἰτοῦντος
727 2670 1109 2740 ἐθεράπευσαν
1149 2671 1317 2725 πλέον
1349 2671 1381 2740 ἢ
1412 2673 1514 2740 τὴν
1545 2674 1738 2740 ζημίαν
1770 2670 1918 2723 ἐσκό-

350 2836 370 2873 1
406 2846 460 2886 με
492 2830 655 2886 scripsi
688 2845 743 2875 ex
769 2831 1018 2875 AthMosB
1056 2834 1108 2874 ut
1140 2832 1244 2875 coni
1276 2831 1343 2875 Re
1420 2847 1497 2886 μοι
1522 2832 1613 2875 LP
1639 2831 1730 2875 edd
1780 2832 1785 2887 Ι
1834 2829 1918 2886 τὴν

228 2889 402 2932 inserui
434 2891 623 2932 auctore
655 2890 722 2933 Re
785 2904 860 2934 om
891 2889 1000 2933 libri
1035 2891 1123 2934 edd
1260 2895 1313 2933 10
1345 2889 1396 2933 τὸ
1430 2904 1503 2933 om
1533 2891 1576 2932 B
1707 2895 1758 2932 11
1794 2890 1848 2933 οὐ
1874 2890 1918 2932 Β

350 2953 402 2990 17
438 2947 531 2991 ἔστι
564 2947 672 2991 libri
707 2949 796 2992 edd
