2020 3146
613 105 804 150 AVARI
834 104 1059 150 MORTIS
1090 103 1330 148 PETITIO
1746 103 1811 154 11

117 242 402 313 βλέπων,
442 244 645 310 ἔλεγεν,
678 241 947 295 ἐπειδὰν
982 239 1365 309 παραλάβῃς
1395 239 1508 292 τὸν
1546 243 1813 309 κλῆρον,

114 341 316 401 πειρῶ
356 332 637 401 μάλιστα
676 338 826 393 παῖς
865 328 1015 396 ἐμὸς
1054 325 1239 383 εἶναι.
1279 336 1474 381 τοῦτο
1515 325 1583 381 δὲ
1624 327 1691 381 ἐν
1730 338 1811 399 τῷ

116 423 275 475 κατὰ
312 422 428 490 τὴν
468 421 730 488 γνώμην
770 417 1057 471 ἐοικέναι
1096 417 1277 487 <μοι>
1315 419 1630 486 ποιήσεις.
1695 416 1741 468 7.
1783 415 1812 469 ὁ

114 509 220 581 μὲν
265 506 369 564 οὖν
420 508 794 577 ἐτελεύτησεν,
842 503 884 560 ὦ
923 509 1124 576 βουλή,
1173 507 1273 559 τὸν
1318 507 1446 573 βίον
1490 506 1666 559 πολλὰ
1703 524 1813 558 τοι-

119 608 261 652 αῦτα
301 596 488 666 εἰπών,
529 596 634 665 ἐγὼ
676 594 736 650 δὲ
777 596 878 649 οὐκ
917 596 1276 665 ἠμνημόνουν
1306 603 1419 648 τῶν
1451 596 1646 662 λόγων,
1686 592 1816 647 ἀλλ’
1861 614 1879 646 5

117 685 189 757 ἦν
226 688 568 756 κληρονόμος
616 684 856 755 ἀκριβῶς
900 691 997 753 τῆς
1043 683 1257 737 ἐκείνου
1305 682 1672 754 προαιρέσεως
1720 680 1812 735 καὶ

115 777 397 845 διῃτώμην
446 794 505 828 τε
550 768 688 844 ᾗπερ
721 772 944 836 ,ἐκεῖνος
990 771 1081 826 καὶ
1128 773 1275 836 ὅπως
1329 793 1381 826 τι
1430 769 1557 825 καθ’
1603 770 1813 841 ἡμέραν

114 864 148 934 ἢ
186 865 385 934 μικρὸν
423 864 456 933 ἢ
494 866 678 931 μεῖζον
716 867 950 931 προσθῶ
999 870 1115 925 τοῖς
1155 855 1289 915 ὀὖσι
1340 861 1574 931 μάλιστα
1612 859 1811 930 ἐφρόν-

114 957 262 1018 τιζον
300 952 390 1006 καὶ
430 952 669 1022 γυναῖκά
713 971 772 1004 τε
817 952 1105 1021 ἠγαγόμην
1151 952 1320 1004 πλείω
1368 954 1580 1020 μᾶλλον
1630 970 1812 1018 κεκτη-

112 1040 283 1112 μένην
313 1041 355 1110 ἢ
405 1043 604 1110 καλήν,
650 1040 811 1110 ᾔδειν
856 1041 964 1111 γὰρ
1013 1040 1282 1107 οὐδεμίαν
1328 1035 1503 1093 οὖσαν
1558 1038 1663 1092 ἀπὸ
1711 1046 1810 1092 τοῦ
1836 1059 1878 1092 ιο

113 1131 351 1194 κάλλους
390 1131 696 1200 πρόσοδον,
744 1129 883 1183 ἀλλά
927 1130 993 1208 τα
1040 1130 1287 1199 χρήματα
1326 1126 1428 1196 μὲν
1466 1136 1565 1181 τοῦ
1606 1130 1810 1198 χρόνου

113 1221 409 1290 προϊόντος
470 1218 816 1285 ἐπιδιδόντα,
877 1219 980 1287 τὴν
1041 1218 1193 1287 ὥραν
1249 1218 1311 1271 δὲ
1373 1216 1812 1286 ἀναλισκομένην

114 1308 295 1377 ὥσπερ
334 1308 441 1361 ὑπὸ
481 1317 593 1361 τῶν
632 1307 861 1361 ἀσώτων
899 1308 1000 1376 τὴν
1032 1307 1249 1376 οὐσίαν,
1288 1304 1351 1360 ἕν
1381 1326 1439 1360 τε
1470 1315 1586 1369 τοῖς
1617 1306 1812 1374 γάμοις

112 1396 301 1460 αὐτοῖς
341 1395 546 1467 ἑωρᾶτέ
581 1417 647 1465 με
685 1404 784 1449 τοῦ
824 1397 1029 1464 πατρὸς
1067 1394 1418 1465 μεμνημένον
1457 1396 1678 1467 ἀριθμῷ
1714 1392 1810 1466 δᾴ-

113 1486 253 1554 δων,
300 1484 522 1558 ἀριθμῷ
564 1486 939 1554 δαιτυμόνων,
988 1492 1062 1557 τῷ
1113 1483 1290 1556 μέτρω
1341 1492 1438 1553 τῆς
1477 1483 1701 1553 ἐδωδῆς.
1756 1487 1814 1536 τί
1834 1504 1876 1538 15

113 1576 218 1645 γὰρ
260 1577 371 1628 ἔδει
409 1578 619 1628 πολλοῦ
650 1575 826 1642 πυρὸς
858 1573 1162 1644 ἀρκοῦντος
1195 1573 1506 1637 ἐλάττονοςς
1546 1575 1601 1626 τί
1638 1573 1699 1626 δὲ
1730 1575 1809 1634 εἰς

114 1666 310 1717 δεῖπνα
345 1664 351 1733 Ι
386 1663 551 1734 μέρος
588 1671 684 1732 τῆς
723 1664 951 1733 προικὸς
1001 1663 1102 1716 οὐκ
1142 1662 1335 1731 ὀλίγον
1375 1663 1628 1715 δαπανᾶν
1674 1665 1796 1710 RIV
1812 1671 1895 1710 201

111 1751 204 1804 καὶ
249 1755 379 1816 τοὺς
425 1749 527 1822 μὲν
574 1750 917 1819 ἀποπέμπειν
962 1749 1466 1821 ἐμπεπλησμένους,
1523 1749 1696 1803 αὐτὸν
1747 1747 1809 1803 δὲ

111 1840 348 1911 ὕστερον
402 1841 756 1909 λογιζόμενον
810 1839 1024 1908 ἀλγεῖν;
1088 1839 1135 1891 8.
1191 1837 1395 1908 ἐνῆγον
1449 1836 1511 1892 δὲ
1564 1839 1654 1892 καὶ
1708 1839 1809 1907 τὴν

233 2035 256 2074 1
289 2031 389 2075 ἐπεὶ
414 2027 462 2075 δ’
490 2028 550 2075 ἂν
572 2031 648 2075 La
769 2035 794 2073 3
827 2046 906 2086 μοι
928 2029 1104 2075 inserui
1129 2043 1239 2073 eum
1263 2029 1421 2074 Gasda
1483 2044 1557 2073 om
1581 2028 1691 2072 libri
1715 2027 1807 2072 edd

229 2095 257 2133 4
290 2086 375 2135 οὖν
406 2090 583 2134 inserui
615 2104 640 2133 e
664 2091 711 2134 B
743 2103 849 2133 cum
881 2088 1036 2133 Gasda.
1109 2103 1185 2134 om
1207 2089 1544 2134 LPaGlLaVa
1575 2087 1666 2131 edd

113 2154 140 2193 5
172 2146 218 2192 δ’
250 2150 325 2193 La
374 2151 380 2206 Ι
429 2147 735 2225 ἠμνημόνησα
759 2149 836 2193 La
884 2150 890 2206 Ι
940 2149 1021 2193 τὸν
1053 2147 1191 2206 λόγον
1214 2150 1259 2193 L
1403 2152 1428 2191 6
1468 2147 1662 2206 ἀκριβὴς
1700 2146 1807 2191 coni

65 2252 74 2260 ,
113 2208 270 2252 Gasda
392 2214 415 2253 ‘1
449 2224 567 2264 ηπερ
591 2209 668 2253 La
700 2209 783 2252 sed
812 2221 888 2251 ras
920 2212 940 2250 1
967 2207 1047 2251 litt
1071 2210 1181 2252 ante
1205 2223 1239 2251 π
1266 2209 1272 2264 Ι
1299 2205 1344 2251 τί
1367 2206 1478 2251 libri
1502 2207 1594 2251 edd
1620 2209 1627 2263 Ι
1654 2209 1806 2262 καθη-

110 2266 258 2324 μέραν
285 2266 417 2313 ClVa
538 2272 563 2311 8
596 2266 844 2323 προσέσται
869 2268 999 2312 GlLa
1025 2268 1032 2325 Ι
1060 2266 1168 2323 μάλι
1191 2268 1268 2311 La
1291 2267 1370 2311 sed
1397 2268 1505 2322 post
1537 2283 1553 2309 ι
1576 2279 1651 2309 ras
1677 2270 1702 2308 2
1727 2265 1807 2308 litt

112 2327 161 2370 et
192 2325 259 2370 στ’
297 2326 422 2371 inser
444 2341 481 2384 p
508 2329 516 2384 Ι
543 2325 812 2382 ἐφρόντιζον
837 2326 912 2371 La
944 2327 1027 2371 Sed
1060 2327 1081 2370 ἐ
1111 2326 1236 2370 inser
1261 2340 1297 2382 p
1358 2340 1434 2370 om
1460 2325 1515 2370 Ol
1635 2329 1660 2368 9
1693 2322 1803 2380 ἠγό-

113 2385 283 2489 ἕέῗΡῗῑ
294 2387 513 2489 ῙΙᾸΙόῗλέἔέ
540 2384 795 2501 ἔιλῗίοὶοῗξέ
811 2384 1164 2502 Ιάξτοέλιίξαωξτὲ
1209 2390 1287 2488 ΕΙΣ
1320 2382 1805 2489 οὐδὲΞμίὲοπίτὶιὸῧόῖῑνῖοΙε

115 2503 243 2548 GlLa
379 2510 433 2549 13
466 2505 561 2548 ἀσώ
622 2520 714 2548 των
747 2518 852 2547 cum
883 2518 957 2547 ras
982 2508 1008 2547 2
1040 2503 1120 2548 lisst
1143 2481 1187 2547 L,
1249 2502 1470 2560 σωμάτων
1497 2503 1551 2548 CI
1577 2506 1583 2559 Ι
1611 2502 1695 2559 τὴν
1728 2515 1805 2545 om

121 2563 190 2607 Va
217 2567 223 2618 Ι
251 2562 301 2607 ἐν
334 2564 385 2608 δὲ
417 2563 519 2607 Μοι·
541 2563 610 2607 Re
732 2567 786 2606 14
819 2563 954 2607 αὐτοὶ
984 2564 1092 2619 post
1123 2563 1283 2613 αὐτοῖς
1305 2562 1381 2607 La
1413 2562 1494 2605 sed
1518 2560 1528 2576 ⁸
1571 2576 1627 2606 ex
1650 2565 1670 2574 '⁴
1704 2575 1805 2605 corr

110 2624 159 2664 et
189 2635 265 2666 ras
299 2627 323 2665 2
349 2622 428 2666 litt
450 2624 558 2679 post
582 2639 598 2666 ι
626 2624 632 2679 Ι
660 2623 845 2681 ἀριθμῷ
866 2621 1027 2683 δᾴδων
1052 2635 1127 2666 om
1152 2623 1196 2666 B
1321 2625 1374 2664 15
1407 2618 1703 2677 δαιτυμόνων
1727 2620 1803 2663 La

113 2679 195 2723 sed
228 2698 278 2725 αι
309 2681 357 2724 in
389 2696 464 2725 ras
495 2683 526 2736 f
559 2683 565 2738 Ι
598 2684 661 2741 τῷ
689 2695 764 2724 om
793 2682 845 2726 Ol
878 2681 885 2739 Ι
923 2678 1088 2738 μετρίω
1114 2681 1188 2725 La
1312 2685 1365 2724 16
1398 2681 1464 2732 εἰς
1494 2686 1666 2735 προῖκα
1698 2679 1803 2724 coni

111 2737 214 2783 Mor
244 2739 340 2784 Not
370 2740 394 2783 f
412 2740 477 2784 Vb
623 2745 675 2784 17
716 2741 801 2785 οὐκ
842 2738 998 2797 ὀλίγον
1035 2745 1118 2796 τῆς
1155 2740 1350 2794 προικὸς
1381 2740 1498 2784 VaB
1643 2742 1696 2782 18
1730 2738 1805 2794 ἑμ-

110 2798 430 2855 πεπλημένους
454 2801 526 2844 Ρα
587 2798 984 2856 ἐκπεπλησμένους
1002 2800 1069 2843 Va
1094 2799 1174 2842 sed
1198 2816 1226 2843 κ
1249 2799 1299 2842 in
1322 2812 1397 2842 ras
1458 2797 1805 2855 πεπλησμένους

113 2856 167 2900 ΟΖ
207 2859 213 2913 Ι
257 2857 403 2913 ἐμὲΒ
446 2861 452 2915 Ι
495 2856 540 2902 δ’
572 2859 647 2903 La
770 2862 823 2902 19
861 2858 1128 2914 ἐνῆγονὶα
1161 2858 1244 2901 sed
1275 2857 1700 2913 ovinraspet‘
1734 2855 1799 2899 e*

113 2927 214 2958 conr
243 2918 274 2970 f
326 2917 502 2974 ἀνῆγον
527 2917 572 2960 Β
