2014 3158
227 139 332 191 706
713 138 942 182 LIBANH
974 137 1364 182 DECLAMATIO
1396 139 1432 182 L

223 272 350 327 ἔδει.
383 277 679 342 γενόμενος
709 272 969 343 ηὐξάμην.
1007 271 1139 327 οὐδὲ
1169 282 1332 327 τοῦτο
1366 275 1491 326 ἔδει.
1525 272 1619 326 καὶ
1652 273 1924 343 διέφυγον

223 363 427 425 πολλὰς
474 364 700 431 νόσους,
746 361 844 432 ὑφ’
891 356 971 415 ὧν
1009 359 1121 415 ἔδει
1158 383 1223 429 με
1273 362 1557 415 τεθνάναι.
1613 361 1922 432 ἐφιλούμην

222 452 330 504 ὑπὸ
369 459 469 504 τοῦ
509 453 736 521 πατρός,
785 451 1103 520 ἠγαπώμην.
1149 451 1328 503 πάντα
1371 446 1441 518 ἦν
1483 449 1511 503 ὁ
1550 459 1678 513 παῖς
1718 451 1922 524 ἐκείνῳ.

221 539 312 593 καὶ
353 542 599 608 σπουδῆς
639 539 806 592 οὐδὲν
845 539 1015 608 ἀπῆν,
1064 539 1202 592 ἀλλὰ
1241 540 1615 608 παιδαγωγοί,
1666 540 1924 594 διδάσκα-

177 651 198 683 5
223 633 328 694 λοι,
365 630 578 695 μισθοί,
618 629 928 697 φροντίδες,
969 627 1123 697 εὐχαὶ
1163 629 1299 696 πρὸς
1331 629 1520 696 θεούς,
1558 632 1775 698 πλῆθος
1814 635 1922 682 θυ-

223 728 378 785 σιῶν,
417 715 635 770 ἔπαινοι
673 719 811 787 πρὸς
850 716 1069 787 ἑτέρους
1107 716 1357 785 πατέρας.
1417 717 1464 770 7.
1504 723 1559 769 εἴ
1591 736 1644 771 τι
1682 718 1920 785 προσπέ-

224 821 312 860 σοι
359 806 643 875 δυσχερές,
689 805 836 859 τοῦτ’
885 805 944 859 ἐκ
990 816 1101 859 τῶν
1150 806 1391 858 ἐλπίδων
1446 815 1558 859 τῶν
1603 806 1731 874 παρ’
1786 805 1921 874 ἐμοῦ

222 897 323 965 τὴν
360 897 723 964 παραμυθίαν
762 895 1032 964 ἐλάμβανε
1071 894 1175 947 κάν
1214 904 1331 956 τοῖς
1370 895 1777 958 διδασκαλείοις
1817 896 1919 948 οὐκ

223 978 348 1038 οἷδα
385 988 596 1051 μᾶλλον
643 983 863 1051 ἑτέρους
909 984 1302 1052 εὐδαιμονίσας
1341 983 1374 1052 ἢ
1416 985 1781 1052 μακαρισθεὶς
1818 983 1923 1037 ὑπ’

161 1095 199 1127 ιο
224 1075 422 1126 ἄλλων.
462 1073 610 1143 ὁρῶν
650 1070 711 1126 δὲ
749 1074 848 1126 τὸν
885 1072 1091 1142 πατέρα
1130 1081 1225 1142 τῆς
1266 1072 1456 1135 οὐσίας
1489 1072 1924 1142 ἐπιμελούμενον

220 1160 313 1215 καὶ
351 1165 519 1215 πλείω
559 1163 625 1215 τὰ
665 1163 799 1214 ὄντα
839 1163 1174 1230 ποιούμενον
1214 1160 1302 1214 καὶ
1338 1161 1483 1224 ὅπως
1515 1158 1576 1214 εὖ
1609 1163 1922 1231 πράττοντά

221 1272 316 1319 μοι
370 1252 642 1320 παραδοίη
694 1252 793 1303 τὸν
832 1247 1004 1319 οἷκον,
1055 1251 1267 1313 πάντας
1311 1249 1662 1319 ὑπομένοντα
1712 1253 1921 1313 πόνους

222 1338 312 1393 καὶ
369 1340 470 1393 οὐκ
518 1341 652 1392 ὄντα
698 1341 936 1409 χαλεπὸν
983 1338 1104 1392 οὐδ’
1157 1339 1723 1407 ἀκριβολογούμενον,
1769 1311 1922 1393 ’τι

204 1430 461 1499 φανείην
500 1428 829 1497 ἀναλίσκων,
869 1425 1092 1498 ἔχαιρον
1131 1429 1221 1480 καὶ
1262 1430 1339 1490 εἰς
1382 1429 1498 1497 ἱερὰ
1537 1429 1775 1495 βαδίζων
1814 1426 1920 1481 ἀπὸ

134 1521 255 1567 RIV
272 1527 357 1566 843
404 1525 503 1570 τοῦ
535 1518 741 1587 πατρὸς
765 1517 1010 1587 ἠρχόμην
1034 1526 1146 1570 τῶν
1171 1518 1361 1585 εὐχῶν.
1403 1517 1452 1570 8.
1477 1516 1620 1570 οὕτω
1654 1514 1713 1569 δὲ
1750 1514 1756 1588 Ι
1791 1515 1923 1585 ἡμῖν

157 1627 198 1660 16
224 1616 335 1659 τῶν
373 1607 709 1677 πραγμάτων
747 1607 1097 1675 χωρούντων,
1137 1611 1269 1659 εἴπω
1304 1607 1370 1658 τὰ
1411 1607 1575 1658 λοιπὰ
1614 1607 1748 1674 μετὰ
1787 1624 1921 1675 παρ-

225 1697 441 1764 ρησίας;
485 1693 601 1748 ἀλλ’
650 1695 750 1748 οὐκ
789 1694 1101 1764 ἐβουλόμην
1141 1691 1242 1763 μὲν
1282 1691 1453 1748 οὐδὲν
1493 1694 1756 1763 δυσχερὲς
1794 1692 1920 1763 περὶ

224 1784 456 1847 οὐδενὸς
510 1783 691 1852 λέγειν
735 1783 862 1847 νέος
912 1804 968 1837 τε
1023 1784 1101 1836 ὢν
1147 1780 1228 1836 ἔτι
1281 1781 1373 1836 καὶ
1429 1783 1580 1851 εἴπερ
1629 1803 1710 1845 τις
1758 1784 1921 1845 ἄλλος

223 1882 335 1925 τῶν
377 1874 680 1941 ἡλικιωτῶν
719 1873 988 1942 εὐφημεῖν
1034 1873 1157 1941 περὶ
1206 1870 1492 1938 ἁπάντων,
1539 1873 1629 1924 καὶ
1679 1875 1922 1925 πολιτῶν

156 1983 199 2016 20
223 1960 316 2014 καὶ
370 1963 637 2030 μετοίκων
690 1961 781 2015 καὶ
837 1961 1034 2030 ξένων,
1084 1962 1482 2030 μεμελετηκώς,
1530 1966 1814 2030 καρτερεῖν
1861 1960 1923 2013 δὲ

224 2051 327 2103 οὐκ
372 2048 524 2103 ἔστιν
571 2050 956 2119 ἀδικούμενον.
1010 2051 1060 2103 9.
1099 2052 1210 2103 εἰσί
1244 2070 1407 2116 τινες,
1450 2047 1490 2103 ὦ
1531 2054 1767 2116 πολῖται,
1806 2058 1923 2111 τοῖς

226 2138 427 2207 ἑτέρων
467 2138 700 2206 ἀγαθοῖς
739 2140 1041 2208 ἀχθόμενοι
1081 2137 1171 2192 καὶ
1204 2142 1516 2205 νομίζοντες
1557 2138 1617 2190 ἐν
1655 2147 1773 2200 ταῖς
1811 2148 1922 2191 τῶν

346 2290 400 2328 16
434 2285 491 2328 cf.
524 2301 568 2341 p.
597 2289 696 2339 615,
717 2289 769 2328 17
893 2290 945 2327 21
982 2284 1039 2328 ef.
1072 2299 1117 2340 p.
1144 2289 1245 2338 615,
1264 2289 1319 2328 20
1339 2299 1403 2339 sq.

346 2424 368 2461 1
402 2416 649 2475 γενόμενος
680 2416 887 2473 ηὐξήμην
919 2418 1027 2473 post
1057 2418 1186 2473 prius
1220 2417 1313 2461 ἔδει
1339 2417 1415 2460 del
1441 2418 1488 2459 et
1511 2418 1618 2472 post
1641 2415 1840 2460 alterum
1871 2416 1920 2458 in

224 2490 357 2534 marg
387 2476 513 2521 inser
540 2476 648 2521 Ma²
675 2478 682 2532 Ι
709 2476 916 2532 ηὐξάμην
949 2476 1113 2532 scripsi
1145 2490 1171 2520 e
1206 2477 1377 2521 VaOlB
1447 2474 1657 2531 ηὐξήμην
1681 2476 1820 2519 ΑΜα
1851 2475 1919 2518 Re

285 2535 488 2592 οὐξήμην
515 2537 633 2581 Mon
777 2540 801 2577 3
842 2532 932 2579 ὑπὸ
965 2535 1152 2591 reposui
1184 2549 1208 2578 e
1241 2534 1374 2578 libris
1408 2536 1490 2578 sed
1522 2534 1652 2588 παρὰ
1684 2534 1774 2578 ὑπὸ
1802 2535 1920 2578 Mon

283 2595 412 2649 παρὰ
444 2595 512 2638 Re
555 2599 561 2650 Ι
609 2594 762 2650 πάντη
791 2595 842 2639 ΟΖ
963 2600 987 2638 6
1023 2594 1088 2639 ἔτι
1115 2595 1232 2638 Mon
1357 2599 1378 2636 7
1413 2591 1529 2648 παρ’
1566 2593 1694 2651 ἐμοῦ]
1729 2594 1850 2648 ἐμῶν
1874 2593 1919 2636 Α

345 2658 370 2697 8
403 2651 492 2698 κᾶν
517 2656 608 2698 ΑΒ
637 2656 644 2711 Ι
672 2651 972 2704 διδασκάλοις
1002 2653 1162 2697 ΜαΟί
1268 2657 1293 2695 9
1328 2651 1539 2708 ἑταίρους
1561 2653 1607 2696 A
1732 2657 1781 2694 11
1816 2666 1918 2694 ποι-

226 2720 369 2757 οῦντα
394 2713 634 2758 AMaCzB
759 2717 811 2755 13
838 2711 947 2756 οὐδὲ
973 2715 1016 2756 Α
1139 2717 1195 2756 14
1224 2710 1490 2756 ἀναλίσκειν
1514 2712 1561 2755 A
1622 2709 1823 2754 ἄλίσκων
1851 2711 1919 2753 Va

229 2772 233 2829 Ι
269 2771 335 2822 εἰς
366 2771 423 2815 τὰ
463 2771 563 2826 ἱερὰ
603 2771 708 2815 coni
747 2771 910 2814 Iacobs
943 2771 1081 2815 Schul
1135 2775 1140 2826 Ι
1192 2771 1285 2814 ἀπὸ
1323 2778 1407 2814 τοῦ
1446 2770 1620 2825 πατρὸς
1658 2770 1783 2812 inser
1809 2768 1919 2812 Ma⁸

346 2836 398 2874 17
433 2831 617 2888 signum
649 2830 1029 2886 interrogationis
1062 2830 1199 2886 posui
1232 2830 1335 2873 coll.
1365 2845 1409 2885 p.
1439 2834 1538 2883 615,
1558 2834 1610 2872 11
1675 2828 1916 2872 commaB

283 2892 509 2945 punctum
547 2889 717 2945 reliqui
756 2889 864 2931 libri
904 2889 971 2932 Re
1118 2893 1170 2932 19
1213 2889 1516 2944 ἐνηλικιωτῶν
1543 2889 1587 2932 A
1730 2891 1783 2929 21
1821 2893 1917 2936 τοῖς

229 2949 317 2992 Μα
350 2949 430 2992 sed
464 2956 534 2998 οῖς
566 2963 778 3004 suprascr
809 2948 877 2989 m³
