2020 3146
398 107 590 153 AVARI
621 106 906 154 SCORTUM
934 107 1207 153 AMANTIS
1240 107 1525 162 QUERELA
1736 108 1807 161 39

113 251 194 299 Fr.
225 242 518 315 Iacobsio.¹)
580 249 707 296 Vide
738 251 773 297 t.
800 250 846 296 V
875 265 922 311 p.
951 250 1057 297 364
1076 264 1146 310 sq.
1212 248 1411 297 Contuli
1450 249 1535 297 sed
1574 249 1809 298 lectiones

115 326 177 374 ab
210 327 458 386 apparatu
490 324 660 372 critico
692 324 795 371 fere
827 323 1025 371 exulare
1057 323 1191 371 iussi.

229 399 303 446 Ex
337 398 507 446 eodem
539 413 635 459 quo
667 397 746 446 hic
780 398 1051 459 exemplari
1080 397 1223 445 fluxit

230 475 276 520 5.
309 471 688 520 Matritensis
720 471 916 520 N-130
956 487 1080 520 saec.
1105 471 1224 519 XVI
1264 472 1347 519 fol.
1377 474 1498 520 107.
1560 471 1686 520 Vide
1718 475 1753 520 t.
1786 471 1811 519 I

114 565 161 610 p.
189 547 384 608 428sq.
417 549 531 594 ett.
557 545 604 591 V
634 563 680 608 p.
708 546 829 593 364.

230 620 416 669 Similis
449 621 655 684 originis
689 622 762 667 est
794 619 944 668 codex

231 697 277 743 6.
309 694 642 742 Vaticanus
682 691 1125 742 ottobonianus
1166 711 1238 758 gr.
1268 695 1337 742 46
1372 710 1495 743 saec.
1523 690 1811 759 XVIJXVH

118 770 339 818 f01.30v.
401 768 528 816 Vide
559 771 594 816 t.
619 768 692 815 VI
722 784 769 830 p.
797 771 918 829 2sq.

231 846 276 891 7.
315 842 759 890 Laurentianus
807 842 949 890 LVII
991 845 1055 890 21
1107 857 1231 890 saec.
1263 837 1498 908 XIVJXV
1544 843 1629 891 fol.
1666 844 1808 891 189.

115 918 243 966 Vide
274 920 309 965 t.
334 917 380 964 V
410 934 456 980 p.
486 917 590 965 158
609 933 681 979 sq.

230 993 277 1040 8.
308 991 674 1039 Barberinus
697 990 749 1038 H
775 993 841 1038 41
869 1006 1000 1039 nunc
1022 991 1297 1039 Vaticanus
1321 991 1469 1039 Barb.
1497 993 1603 1039 220
1630 985 1725 1058 (---
1742 985 1810 1057 Β)

115 1081 240 1115 saec.
273 1065 365 1113 XV
407 1066 492 1114 fol.
527 1066 672 1113 345&
738 1064 996 1114 Con-ectus
1044 1068 1120 1113 est
1163 1081 1315 1113 manu
1362 1065 1576 1114 secunda
1621 1067 1811 1127 primae

116 1143 283 1188 aetate
314 1141 541 1202 proxima
572 1155 599 1187 e
630 1139 795 1189 codice
838 1140 925 1188 Va.
972 1139 1098 1187 Vide
1130 1141 1166 1188 t.
1198 1139 1224 1186 I
1254 1156 1302 1202 p.
1330 1141 1399 1187 24
1417 1155 1488 1201 sq.
1539 1139 1640 1188 Leo
1671 1139 1811 1187 Alla-

114 1216 215 1263 tius
261 1216 315 1262 in
360 1214 584 1277 margine
627 1214 862 1263 lectiones
901 1215 1125 1263 codicum
1162 1213 1522 1262 Vaticanorum
1562 1215 1653 1276 82,
1689 1216 1811 1275 940,

119 1290 222 1337 956
256 1289 438 1351 posuit.
499 1288 669 1336 Meum
706 1288 758 1335 in
801 1303 947 1336 usum
988 1288 1200 1337 contulit
1229 1288 1348 1336 Pius
1380 1289 1593 1337 Franchi
1626 1289 1685 1336 de
1718 1287 1811 1337 Ca-

116 1363 331 1411 valeriis.

230 1438 446 1485 Transeo
478 1437 542 1484 ad
575 1432 903 1501 ‘eclogarios'.

233 1515 277 1559 9.
309 1511 691 1559 Matritensis
724 1512 891 1571 4679,
936 1511 1053 1558 olim
1084 1510 1239 1560 N-49
1276 1504 1370 1578 (=
1394 1505 1502 1578 Ma)
1535 1527 1658 1561 saec.
1690 1511 1811 1560 XIV

117 1586 203 1634 fol.
239 1586 346 1633 68V.
408 1585 535 1633 Vide
566 1589 600 1633 t.
634 1585 659 1632 I
689 1602 735 1647 p.
764 1586 868 1634 362
887 1600 958 1646 sq.
993 1587 1043 1632 et
1073 1587 1108 1633 t.
1133 1584 1207 1632 IV
1237 1602 1285 1647 p.
1313 1586 1432 1635 130.
1498 1584 1712 1635 Contuli.

228 1659 303 1706 Ex
335 1659 506 1708 eodem
538 1675 634 1721 quo
666 1659 747 1707 hic
781 1659 1048 1721 exemplari
1078 1659 1223 1706 fluxit

234 1735 315 1782 10.
369 1734 781 1782 Berolinensis
844 1751 916 1797 gr.
967 1735 1070 1782 195
1127 1734 1247 1781 olim
1310 1733 1810 1783 Claromontanus

117 1802 213 1875 (=-
243 1801 324 1874 Cl)
349 1823 473 1856 saec.
499 1808 617 1856 XIV
641 1808 725 1856 fol.
755 1810 819 1856 75
847 1801 1020 1873 (284).
1066 1806 1322 1856 Correctus
1348 1810 1423 1856 est
1445 1824 1597 1856 manu
1630 1810 1810 1870 quarta

117 1898 143 1930 e
176 1881 342 1930 codice
375 1883 583 1931 alterius
615 1882 848 1930 familiae.
913 1881 985 1931 Cf.
1017 1899 1064 1944 p.
1090 1883 1176 1943 43,
1196 1882 1242 1929 6.
1306 1881 1520 1930 Contuli.

234 1959 315 2004 11.
363 1956 694 2004 Vaticanus
742 1973 812 2020 gr.
848 1957 915 2003 82
966 1951 1061 2022 (=
1094 1951 1195 2022 Va)
1245 1971 1369 2006 saec.
1408 1957 1527 2004 XIV
1572 1957 1657 2005 fol.
1701 1958 1808 2005 92'7.

119 2029 378 2079 Correctus
418 2033 493 2078 est
530 2046 682 2078 manu
720 2030 946 2078 secunda.
1010 2030 1268 2078 Lectiones
1308 2046 1367 2077 ex
1406 2046 1462 2079 eo
1501 2033 1556 2078 in
1585 2031 1808 2094 margine

116 2104 379 2152 Barberini
410 2104 471 2152 ab
503 2105 693 2152 Allatio
724 2104 938 2166 scriptae
970 2107 1099 2152 sunt.
1160 2104 1287 2151 Vide
1317 2107 1353 2152 t.
1378 2105 1403 2151 I
1434 2122 1482 2166 p.
1508 2106 1576 2154 48
1595 2120 1667 2167 sq.

233 2180 316 2227 12.
347 2178 792 2227 Escurialensis
831 2174 1067 2226 Τ-ΙΙ-11
1112 2171 1243 2244 (147
1284 2179 1335 2226 in
1379 2179 1608 2242 catalogo
1648 2179 1807 2227 Mille-

116 2247 282 2316 riano)
316 2268 438 2301 saec.
462 2253 581 2300 XVI
611 2253 695 2300 fol.
722 2253 807 2301 88.
870 2252 997 2300 Vide
1028 2255 1064 2300 t.
1089 2252 1135 2299 V
1165 2269 1212 2314 p.
1241 2254 1345 2300 366
1366 2269 1434 2315 sq.

236 2327 317 2374 13.
364 2326 695 2375 Vaticanus
743 2344 814 2389 gr.
859 2327 961 2374 956
1011 2341 1136 2376 saec.
1175 2326 1294 2374 XIV
1339 2327 1423 2376 fol.
1459 2328 1542 2375 23.
1612 2327 1810 2375 Desinit

118 2399 282 2448 verbis
315 2397 431 2449 οὐδὲ
462 2399 619 2458 ὕπνος
651 2417 697 2462 p.
733 2402 816 2460 50,
835 2402 882 2447 4.
944 2399 1203 2448 Lectiones
1236 2402 1342 2448 eius
1374 2402 1542 2449 variae
1575 2400 1637 2448 ab
1668 2401 1807 2448 Alla-

116 2473 188 2522 tio
221 2476 274 2521 in
304 2475 527 2537 margine
558 2474 821 2522 Barberini
850 2473 1040 2536 positae
1072 2477 1201 2527 sunt.
1251 2474 1373 2522 Vide
1406 2478 1440 2522 t..
1466 2474 1512 2520 V
1543 2492 1589 2536 p.
1617 2476 1807 2536 414sq.

118 2547 343 2595 Pertinet
373 2549 436 2595 ad
467 2548 712 2595 familiam
743 2548 864 2608 HV,
895 2547 980 2595 sed
1009 2550 1168 2610 pretio
1201 2551 1350 2596 caret.

119 2693 152 2742 d
233 2617 560 2670 ‘Solitariam'
599 2623 726 2670 hanc
765 2622 1172 2670 declamationem
1213 2622 1444 2671 exhibent
1488 2623 1542 2669 hi
1587 2625 1688 2670 tres
1729 2638 1808 2671 co·

153 2710 273 2743 ices:

175 2923 205 2968 1
233 2867 301 2967 ἐξ
315 2864 382 2909 Cf.
414 2866 554 2909 Anth.
588 2865 684 2909 Pal.
710 2865 772 2908 III
797 2870 881 2909 649
922 2867 970 2909 ct
1002 2865 1292 2923 Allgemeine
1325 2865 1658 2923 Schulzeitung
1693 2870 1804 2909 1832

120 2936 173 2967 00
