2044 3168
239 92 341 144 172
817 52 1113 135 GREGORIs
1139 89 1342 134 CYPRII

232 230 384 289 τοὺς
423 228 516 289 εἰς
554 226 626 279 τὰ
664 231 931 296 χαλκεῖα
970 233 1341 288 πονοῦντας
1371 227 1607 288 νυκτὸς
1636 224 1744 279 καὶ
1774 226 1924 296 ἡμέ-

236 336 370 385 ρας,
418 318 571 378 τοὺς
618 325 903 382 σκυτεῖς,
953 317 1105 378 τοὺς
1157 324 1453 383 κναφεῖς,
1507 317 1659 378 τοὺς
1705 314 1922 368 τέκτο-

232 425 371 473 νας,
426 406 576 467 τοὺς
631 405 889 467 ἄλλους;
944 405 1007 457 τί
1057 417 1160 457 σοι
1214 404 1282 456 τὸ
1337 403 1589 456 τούτων
1635 404 1837 468 δοκεῖ;
1888 403 1924 472 ἢ

234 494 340 547 ἵνα
386 494 665 556 τούτους
717 493 1018 561 παρέλθω
1083 494 1336 562 σφόδρα
1382 512 1451 560 γε
1502 494 1692 555 ὄντος
1737 490 1925 561 ἐκδή-

190 587 350 636 5λου
391 590 503 635 τοῦ
541 581 670 636 κατ’
717 583 981 650 αὐτούς,
1028 581 1093 635 ἐκ
1141 578 1209 635 δὲ
1255 591 1382 634 τῶν
1429 582 1531 634 σοὶ
1579 585 1923 650 γνωρίμων

233 674 344 726 τὸν
399 674 601 740 λόγον
662 673 1058 740 ποιήσωμαι,
1118 671 1184 724 οἱ
1239 675 1684 733 πλουτοῦντες
1736 671 1924 739 ὑμεῖς

233 758 402 829 ἔχεις
441 763 657 814 εἰπεῖν
696 761 775 823 ὡς
821 763 1039 814 πόνων
1086 761 1234 828 ἄτερ
1285 758 1390 812 καὶ
1437 767 1553 812 τοῦ
1592 759 1924 812 ἀναλῶσαι

234 852 384 912 τοὺς
415 852 702 918 μακροὺς
731 848 1217 918 περιβέβλησθε
1247 849 1596 913 πλούτους;
1636 846 1769 902 ἀλλ’
1808 848 1925 901 οὐκ

235 938 311 991 ἂν
343 944 568 1000 εἴποις.
601 937 634 1006 ἢ
667 937 911 1006 ἀνάγκη
943 946 1321 1007 περιφανῶς
1354 936 1620 990 ἐναντία
1645 935 1924 1005 φάσκειν

168 1049 211 1080 10
236 1034 467 1098 σαυτῷ,
518 1027 624 1079 καὶ
678 1028 798 1096 γὰρ
854 1026 1114 1094 ἔφησθά
1167 1043 1316 1093 που,
1367 1025 1522 1078 ὅταν
1561 1027 1652 1088 εἰς
1698 1026 1766 1078 τὸ
1808 1026 1925 1078 σὸν

234 1113 475 1184 ἔλεγες,
514 1117 587 1168 τὰ
627 1118 915 1186 χρήματα
953 1114 1341 1183 ταῦτα,,οὐχ
1388 1114 1469 1176 ὡς
1513 1112 1742 1183 ἔτυχεν
1781 1113 1926 1167 οὐδ’

236 1205 301 1258 ἐκ
355 1213 471 1258 τοῦ
525 1207 911 1274 προχείρου,
966 1202 1126 1256 ἀλλὰ
1180 1206 1438 1256 πολλῶν
1493 1212 1620 1256 τῶν
1673 1207 1926 1272 χρόνων

234 1295 440 1347 πολλὰ
501 1295 879 1361 πονήσαντα
939 1295 1324 1360 κτήσασθαι.
1402 1291 1486 1345 59.
1549 1291 1641 1345 καὶ
1703 1293 1926 1360 ἀληθῶς

235 1403 315 1451 γε,
353 1383 535 1452 πάτερ.
574 1383 665 1435 καὶ
705 1381 807 1435 οὐκ
846 1378 968 1435 ἔσθ’
1013 1381 1073 1444 ὃς
1112 1381 1177 1434 οὐ
1219 1383 1558 1448 συνθήσεται
1605 1380 1677 1444 ὡς
1722 1382 1925 1435 τούτου

169 1491 210 1523 15
235 1479 572 1541 κρατοῦντος
619 1470 937 1540 ἁπανταχοῦ
991 1478 1090 1523 τοῦ
1137 1467 1309 1539 μηδὲν
1357 1467 1498 1523 εἶναι
1547 1478 1747 1539 προῖκα
1794 1475 1928 1540 λαμ-

234 1561 451 1629 βάνειν,
502 1558 619 1614 ἀλλ’
669 1558 1184 1613 ἀντικαταλλάττειν
1232 1557 1316 1611 ἀεὶ
1364 1557 1501 1629 ἕτερ’
1549 1555 1677 1612 ἀνθ’
1726 1558 1927 1629 ἑτέρων

235 1651 504 1712 διδόντας.
557 1651 606 1702 εἰ
645 1645 707 1702 δὲ
745 1646 908 1702 τοῦθ’
952 1647 1269 1716 ἁπανταχοῦ
1310 1647 1524 1717 κύριον,
1563 1649 1620 1700 τί
1654 1649 1721 1701 τὰ
1758 1649 1925 1717 μικρὰ

235 1741 419 1809 λογίζῃ
467 1740 609 1807 ἔχων
656 1735 770 1791 ἀντ’
827 1736 1050 1790 ἐκείνων
1101 1738 1308 1789 σαυτὸν
1353 1734 1444 1789 καὶ
1490 1735 1650 1804 ἀφεὶς
1699 1736 1928 1806 εὐφραί-

233 1833 434 1881 νεσθαι
473 1835 568 1896 τῆς
608 1827 878 1895 σωτηρίας
915 1824 1203 1894 ἀσχάλλεις
1249 1826 1342 1878 διὰ
1390 1825 1488 1877 τὸν
1527 1824 1759 1878 ἀπιόντα
1797 1845 1928 1894 χρυ-

168 1937 211 1969 20
235 1919 337 1971 σὸν
375 1912 544 1970 οὐδὲν
583 1917 717 1969 ὄντα
755 1914 895 1982 πρὸς
933 1914 1070 1983 ἅπερ
1110 1916 1249 1982 ἔχεις
1285 1914 1577 1983 κερδάνας;

347 2005 433 2058 60.
471 2006 626 2072 Ναί,
667 2004 857 2072 φησίν,
897 1999 1028 2055 ἀλλ’
1070 2002 1262 2071 ἐχρῆν
1301 2001 1491 2068 κάμοὶ
1531 2003 1927 2071 κοινωσάμε-

235 2115 352 2148 νον
405 2092 511 2146 καὶ
564 2094 680 2161 τὴν
741 2091 1026 2160 ἐμαυτοῦ
1088 2091 1353 2160 γνώμην
1414 2092 1696 2159 λαβόντα
1759 2091 1925 2144 οὕτω

234 2184 394 2253 πρὸς
447 2183 642 2250 τήνδε
696 2181 812 2249 τὴν
864 2189 1099 2248 πεῖραν
1153 2188 1456 2249 χωρῆσαι.
1516 2177 1667 2232 νυνὶ
1715 2179 1783 2232 δὲ
1834 2179 1926 2233 οἴ-

234 2277 439 2325 κοθεν
479 2271 547 2323 ἐν
585 2280 723 2331 τοῖς
769 2268 950 2338 ἐμοῖς
1003 2269 1071 2321 τὸ
1119 2276 1440 2321 τοσοῦτον
1494 2267 1927 2336 εἰργασμένος

169 2380 210 2412 25
236 2359 429 2413 ἐστίν.
470 2357 635 2427 ἐχρῆν
675 2357 916 2425 ἀληθῶς,
956 2354 998 2410 ὦ
1029 2357 1216 2427 πάτερ,
1255 2357 1346 2410 καὶ
1378 2359 1548 2425 ἔγωγε
1589 2357 1725 2409 κατὰ
1756 2363 1928 2409 ταῦτα

236 2452 578 2515 συντίθεμαι.
633 2447 778 2514 πλὴν
829 2445 930 2498 οὐκ
983 2441 1054 2512 ἦν
1109 2446 1264 2497 ἄδεια
1310 2444 1642 2511 ἀκμάζοντος
1689 2452 1787 2497 τοῦ
1834 2465 1927 2498 κα-

235 2543 336 2589 κοῦ
390 2533 522 2587 κάπὶ
575 2542 787 2602 μικρῶν
846 2553 1016 2586 τινων
1079 2534 1418 2600 σαλευούσης
1477 2547 1565 2586 σοι
1634 2542 1727 2602 τῆς
1779 2537 1926 2602 ζωῆς.

237 2622 355 2677 οὐδ’
412 2622 595 2692 ἐφεῖτο
641 2629 972 2691 προσιοῦσιν
1024 2622 1157 2690 ἡμῖν
1204 2623 1372 2688 λόγον
1417 2619 1542 2690 περὶ
1595 2630 1691 2690 τῆς
1744 2625 1927 2691 χρείας

358 2743 409 2781 12
445 2739 502 2781 cf.
534 2753 579 2794 p.
609 2742 779 2792 131‚21
799 2752 866 2792 sq.

357 2846 410 2884 12
439 2838 772 2898 τουπροχείρου
798 2841 841 2884 L
964 2845 1020 2883 15
1045 2838 1267 2884 ἁπάντων
1284 2840 1328 2882 L
1449 2844 1505 2882 23
1531 2846 1617 2884 νῦν
1636 2841 1680 2884 V
1794 2846 1849 2884 24
1874 2840 1925 2884 τὸ

234 2907 455 2944 τοσοῦτον
489 2899 538 2943 ἐν
568 2907 666 2950 τοῖς
697 2899 823 2955 ἐμοῖς
854 2899 898 2941 V
