2014 3158
185 121 291 173 732
649 121 916 182 [LIBANII]
946 123 1338 170 DECLAMATIO
1371 125 1429 169 LI

181 256 334 309 οὐδὲ
379 255 462 311 ἕν.
519 265 690 332 ταῦτα
734 258 836 325 μὲν
882 260 1018 327 πρὸς
1065 260 1263 329 αὐτήν,
1318 257 1434 314 ἀλλ’
1488 254 1628 331 ᾖδον
1673 262 1734 314 τὸ
1780 270 1877 330 τῆς

179 347 474 415 παροιμίας
515 344 602 399 ἐπὶ
640 352 831 419 κωφῷ,
871 346 988 401 ἀλλ’
1029 349 1300 417 αἰγιαλοῖς
1341 348 1575 403 ἐδόκουν
1612 364 1876 420 προσομι-

180 438 297 489 λεῖν
337 435 370 504 ἢ
402 441 580 507 νεκρῷ
611 436 750 506 πρὸς
789 432 886 499 οὖς
925 436 1296 505 διαλέγεσθαι.
1354 439 1403 491 9.
1443 436 1559 492 ἐπεὶ
1599 439 1727 492 οὔτε
1763 447 1878 492 τῶν

179 527 430 592 νεφελῶν
462 525 588 577 οὔτε
619 533 715 593 τῆς
754 526 932 595 Τύχης
964 525 1266 596 ἀπωνάμην
1299 526 1484 595 οὐδέν,
1517 527 1681 590 αὐτὸς
1714 526 1876 596 ἐμαυ-

134 634 154 667 5
179 620 253 684 τῷ
286 613 386 666 τὸν
424 623 535 666 τῶν
574 613 867 682 χρημάτων
913 617 1089 685 πόρον
1141 614 1458 684 ἐξεύρισκον
1497 613 1665 670 οὐδὲν
1703 614 1878 679 ἀνιεὶς

181 701 281 754 ὅσα
313 710 428 765 τοῖς
458 705 886 771 χρηματίζεσθαι
915 704 1280 773 βουλομένοις
1313 706 1697 774 συμβάλλεται.
1738 705 1877 758 ὅθεν

179 791 263 859 ἄν,
302 795 359 843 εἴ
390 811 471 854 τις
511 790 823 859 ἐπιβάλλων
870 791 1231 861 ὁπωσδήποτέ
1274 814 1367 863 μοι
1414 797 1647 864 χρυσίον
1687 793 1877 863 φέρων

180 878 435 948 ἐπέδωκε,
475 890 588 943 πῶς
629 879 699 933 ἂν
739 886 930 951 εἴποις,
969 890 1172 936 τοῦτον
1210 882 1383 952 ἡδέως
1415 882 1602 953 ἑώρων
1641 881 1730 935 καὶ
1770 891 1874 946 ψυ-

178 976 276 1038 χῆς
314 967 677 1037 ἐναπολαβεῑν
723 967 890 1024 ἔνδον
935 973 1146 1040 ἤθελον
1194 973 1455 1039 μονονού.
1522 972 1604 1025 10.
1644 970 1874 1042 προσῄει

113 1079 155 1112 10
178 1066 494 1126 προσαιτῶν
526 1044 623 1112 καὶ
661 1059 800 1129 πρὸς
838 1061 1156 1128 μεταδόσεις
1204 1064 1619 1131 προσεκαλεῖτο,
1668 1060 1772 1128 ἐγὼ
1814 1057 1874 1113 δὲ

175 1154 445 1200 τοσοῦτον
491 1146 720 1216 ἀπεῖχον
765 1156 866 1202 τοῦ
913 1149 1051 1217 πρὸς
1097 1149 1194 1212 τὰς
1248 1150 1489 1216 αἰτήσεις
1544 1148 1873 1203 ἐπικλᾶσθαι

176 1235 314 1288 ὥστε
352 1234 444 1289 καὶ
484 1237 966 1307 διαλοιδορεῖσθαί
1009 1239 1061 1291 οἱ
1107 1236 1198 1291 καὶ
1240 1239 1408 1306 δριμὺ
1447 1236 1538 1290 καὶ
1578 1238 1874 1300 τιτανῶδες

176 1322 517 1389 ἐνατενίζειν.
575 1327 621 1378 εἰ
670 1323 717 1378 δ’
767 1325 1210 1396 ἀφιλάνθρωπόν
1255 1347 1322 1396 με
1368 1328 1634 1395 γλίσχρον
1679 1346 1737 1379 τε
1781 1327 1883 1380 καὶ,

174 1417 613 1483 κυμινοπρίστην
658 1415 750 1468 καὶ
796 1416 861 1468 τά
908 1423 1135 1468 τοιαῦτα
1180 1426 1293 1468 τῶν
1344 1415 1633 1483 ὀνομάτων
1671 1415 1871 1468 ἀποκα-

87 1507 296 1564 Boiss.p.
320 1512 402 1551 168
446 1502 636 1572 λέσειε,
673 1502 678 1575 Ι
713 1504 931 1567 τούτοις
970 1505 1136 1567 αὐτὸς
1178 1508 1388 1571 μᾶλλον
1426 1503 1458 1572 ἢ
1499 1513 1612 1567 τοῖς
1653 1503 1873 1557 ἀντιθέ-

112 1613 154 1644 16
179 1611 297 1654 τοις
335 1590 654 1662 ἐγαννύμην
694 1593 977 1662 ὀνόμασιν.
1026 1594 1126 1662 οὐχ
1174 1594 1317 1646 οὕτω
1357 1613 1438 1656 τις
1476 1595 1613 1662 πρὸς
1647 1595 1746 1656 τὰς
1784 1594 1873 1649 εὐ->

177 1682 383 1750 φημίας
429 1682 502 1744 ὡς
549 1681 653 1750 ἐγὼ
699 1683 838 1751 πρὸς
883 1690 1055 1739 ταῦτα
1102 1681 1275 1750 ἡδέως
1326 1682 1629 1751 ἐτύγχανον
1670 1683 1871 1735 διακεί-

175 1790 341 1840 μενος
378 1770 584 1824 τοιαῦτ’
624 1771 850 1826 ἀκούειν
888 1773 979 1825 καὶ
1018 1772 1084 1824 τὰ
1123 1773 1338 1826 τούτων
1377 1769 1455 1824 ἔτι
1495 1773 1657 1840 χείρω
1690 1779 1880 1843 μακρῷ

174 1862 385 1927 μᾶλλον
424 1861 753 1928 αἱρούμενος
784 1859 817 1928 ἢ
850 1868 991 1928 γοῦν
1031 1861 1234 1928 ὀβολὸν
1275 1869 1384 1913 τῶν
1416 1858 1563 1929 ἐμῶν
1594 1859 1871 1929 προέσθαι

109 1968 151 2000 20
174 1957 387 2018 χειρῶν.

290 2038 371 2090 11.
421 2036 555 2091 Ἀλλ’
614 2036 720 2106 ἐγὼ
774 2035 877 2107 μὲν
932 2039 1130 2107 οὕτως,
1186 2039 1243 2091 οἴ
1293 2058 1353 2106 γε
1408 2039 1518 2106 μὴν
1572 2037 1872 2107 ἀνειμένως

174 2129 427 2194 βιοῦντες
478 2125 570 2179 καὶ
618 2128 776 2197 χλιδῇ
825 2129 1106 2197 χαίροντες
1153 2125 1243 2180 ἀπ’
1291 2126 1542 2189 ἐναντίας
1592 2125 1712 2194 ἐμοὶ
1760 2128 1871 2194 καί,

297 2309 318 2346 1
354 2317 419 2358 sq.
447 2302 563 2347 Poll.
588 2302 650 2346 III
676 2307 774 2346 112.
807 2303 1038 2346 Aristaen.
1065 2317 1134 2358 cp.
1154 2302 1174 2344 Ι
1194 2306 1262 2346 28.
1296 2301 1491 2359 Diogen.
1517 2301 1727 2357 proverb.
1750 2300 1773 2343 Ι
1797 2304 1867 2343 37.

176 2361 343 2405 Zenob.
375 2362 489 2405 138.
537 2361 691 2405 Plaut.
729 2362 897 2406 Bacch.
933 2367 1031 2406 519.
1080 2361 1180 2405 Ter.
1214 2362 1397 2406 Phorm.
1434 2364 1559 2404 1015.
1609 2359 1870 2413 Salzmann‚

177 2420 511 2476 Sprichwffirter
533 2421 610 2464 bei
634 2421 853 2464 Libanios
878 2436 922 2477 p.
942 2426 1011 2464 52.
1137 2426 1189 2464 12
1219 2421 1326 2465 Luc.
1344 2420 1533 2464 Icarom.
1554 2423 1630 2473 233
1659 2418 1776 2461 Tim.
1797 2422 1866 2461 54.

174 2479 432 2536 Philopatr.
458 2485 512 2523 22
659 2485 714 2524 14
745 2480 984 2536 Posidipp.
1018 2496 1170 2537 χορευ.
1203 2493 1316 2523 com.
1348 2480 1440 2523 Att.
1467 2478 1521 2522 fr.
1539 2477 1610 2521 IV>
1628 2481 1727 2533 521,
1747 2482 1800 2521 12
1819 2476 1868 2519 Μ

175 2539 255 2595 (ΠΙ
287 2544 395 2593 343,
422 2545 499 2593 26,
527 2544 549 2582 7
569 2539 641 2592 K).
688 2539 819 2583 Alex.
861 2542 1011 2594 φιλοκ.
1046 2541 1076 2582 13.
1108 2539 1170 2581 III
1202 2543 1309 2591 499,
1337 2543 1361 2582 3
1381 2539 1427 2581 M
1468 2537 1525 2594 (ΙΙ
1557 2541 1666 2592 389,
1691 2541 1773 2579 251
1794 2536 1866 2591 K).

175 2598 365 2642 Theocr.
399 2599 440 2641 X
465 2603 520 2642 55
554 2612 590 2642 c.
625 2597 766 2642 schol.
807 2598 947 2642 Aria-1⁴⁶.
989 2611 1110 2654 vesp.
1148 2602 1258 2641 1357
1302 2612 1337 2641 c.
1373 2596 1515 2640 schol.
1548 2595 1739 2640 Aristoiz.
1773 2595 1868 2638 eth.

174 2657 275 2701 Nic.
300 2657 363 2700 IV
389 2661 413 2700 3
446 2672 490 2713 p.
520 2658 656 2701 1121b
682 2662 758 2711 273
791 2657 903 2700 Mor.
931 2657 1088 2714 Magn.
1115 2657 1135 2699 Ι
1160 2662 1215 2700 25
1240 2671 1284 2712 p.
1315 2661 1449 2699 1192·
1474 2661 1512 2699 9.
1642 2660 1694 2697 21
1722 2654 1866 2698 Thuc.

297 2883 350 2922 10
383 2880 660 2934 μεταδώσεις
685 2879 730 2921 P
803 2892 903 2922 corr
934 2878 1066 2922 Boiss
1212 2882 1265 2921 21
1307 2877 1429 2921 hunc
1463 2876 1616 2920 locum
1648 2875 1865 2918 lacunam

176 2937 265 2980 sibi
299 2938 582 2982 conbraxissc
619 2939 776 2981 censet
807 2937 939 2981 Boias
1084 2941 1138 2979 22
1172 2933 1456 2985 ἀπεναντίας
1479 2937 1524 2979 P
1597 2947 1698 2978 corr
1733 2932 1867 2975 Boiss
