2044 3168
212 616 230 649 5

191 1062 235 1095 10

194 1506 234 1539 15

258 105 362 157 192
685 101 911 150 LIBANII
941 100 1329 151 DECLAMATIO
1363 106 1532 151 XXXV

253 260 345 303 τος
385 239 471 293 ἐπὶ
512 248 676 294 τοῦτο
722 242 942 310 ἤγαγεν.
1017 243 1100 295 17.
1141 243 1260 311 ἄγει
1306 246 1502 296 τοίνυν
1548 239 1639 295 καὶ
1680 238 1772 312 ἐμὲ
1809 244 1948 314 πρὸς

254 330 353 382 τὸν
392 330 642 382 θάνατον
679 331 712 399 ἡ
751 339 851 383 τοῦ
900 332 1055 384 σίτου
1105 332 1314 394 σπάνις.
1371 333 1417 384 εἰ
1466 333 1569 402 γὰρ
1617 331 1707 385 καὶ
1753 334 1948 394 κοινὸν

254 426 418 471 τοῦτο
465 422 682 472 πόλεων
727 418 817 472 καὶ
870 421 1062 472 ἄλλοτε
1111 421 1286 482 ἄλλως
1333 419 1492 474 ἐπιὸν
1538 419 1628 474 καὶ
1677 421 1742 474 οὐ
1782 425 1947 475 τοῦτό

257 526 318 575 γε
357 509 547 576 μόνον,
587 507 724 560 ἀλλὰ
764 507 855 560 καὶ
904 509 1083 575 λοιμοὶ
1131 507 1221 561 καὶ
1272 508 1485 576 σεισμοὶ
1532 508 1622 562 καὶ
1673 511 1949 579 θαλάττης

258 595 567 658 ἐπικλύσεις
605 594 695 649 καὶ
735 597 950 649 τούτων
988 595 1069 650 ἔτι
1107 599 1274 650 πλείω
1315 599 1684 668 προσβάλλειν
1730 598 1950 669 ἀνθρώ-

257 703 380 747 ποις
435 685 659 753 εἴωθεν,
716 684 833 739 ἀλλ’
894 686 1034 754 ὑμᾶς
1089 694 1230 754 γοῦν
1285 685 1595 756 ἐβουλόμην
1651 687 1742 740 ἴσα
1795 694 1950 751 θεοῖς

258 775 522 843 εὐτυχεῖν.
577 774 733 841 ὑμεῖς
787 776 893 844 γὰρ
949 774 1068 843 ἐμοὶ
1116 776 1318 843 πάντα,
1372 777 1588 843 παῖδες,
1643 777 1950 845 περιουσία,

257 866 418 933 ψυχή.
464 863 545 916 18.
578 865 634 916 τί
664 859 768 916 οὖν
800 884 965 934 φημι,
1005 863 1250 933 βραδέως
1282 862 1370 917 ἐπὶ
1401 865 1499 918 τὸν
1538 865 1789 925 θάνατον
1819 865 1951 933 ἥκω,

258 951 503 1021 βραδέως
560 951 917 1021 ἀνεμνήσθην
971 961 1071 1005 τοῦ
1128 953 1436 1022 φαρμάκου.
1500 954 1565 1006 οὐ
1621 955 1724 1024 γὰρ
1789 953 1952 1023 ἐχρῆν

260 1041 434 1103 εὐθὺς
473 1040 871 1109 ἐπιτιμωμένου
920 1049 1018 1094 τοῦ
1060 1044 1240 1107 σι’του;
1296 1039 1443 1094 ταῦτ’
1491 1043 1560 1095 ἂν
1608 1045 1806 1111 ἔπρεπε
1851 1043 1953 1095 τώ-

258 1137 342 1201 μῷ
381 1130 518 1198 πρὸς
556 1130 697 1196 ὑμᾶς
737 1133 911 1199 ἔρωτι.
954 1130 1059 1198 ε’γὼ
1102 1127 1162 1183 δὲ
1195 1130 1223 1184 ὁ
1256 1132 1521 1200 μελλητὴς
1562 1117 1821 1198 ἀνέμεινα
1851 1131 1954 1200 τὴν

258 1227 358 1271 τοῦ
411 1222 684 1272 πλουσίου
731 1219 937 1288 μέθην,
994 1218 1197 1289 ἐμέθυε
1251 1220 1381 1289 γάρ,
1438 1218 1676 1289 ἐμέθυεν
1730 1218 1791 1273 ἐν
1839 1229 1954 1282 τοῖς

258 1308 540 1378 ἡμετέροις
579 1317 767 1371 κακοῖς
808 1307 890 1361 ἐπ’
938 1307 1225 1378 ἐκκλησίας
1265 1308 1445 1378 μέσης.
1499 1308 1589 1362 καὶ
1629 1311 1811 1378 ὥσπερ
1853 1309 1954 1362 οὐκ

260 1396 347 1450 ἐπὶ
386 1405 485 1450 τοῦ
522 1399 763 1466 βήματος
796 1396 1049 1466 ἑστηκώς,
1091 1397 1192 1450 ἀλλ
1226 1397 1285 1450 ἐν
1319 1398 1610 1466 ἀκροπόλει
1642 1399 1956 1467 καθήμενος

261 1486 435 1548 οὕτως
490 1484 576 1538 ἐπὶ
631 1487 729 1539 τὸν
777 1486 983 1556 ἐχθρὸν
1029 1487 1163 1554 μετὰ
1209 1494 1309 1540 τοῦ
1359 1486 1557 1556 ξίφους
1601 1486 1702 1558 ᾔει.
1757 1485 1847 1539 καὶ
1893 1486 1954 1539 τὸ

261 1573 381 1644 ἐμοὶ
421 1576 585 1628 τοῦδε
620 1577 946 1645 βαρύτερον,
986 1578 1156 1644 μόνος
1197 1579 1354 1628 σίτου
1386 1576 1657 1629 τοσούτου
1690 1577 1957 1643 δεσπότης

261 1664 519 1733 ἠδυνήθη
570 1663 847 1732 γενέσθαι.
914 1666 1122 1733 ἤκουσα
1178 1672 1366 1734 φωνῆς
1419 1664 1490 1745 ἣν
1545 1663 1663 1718 οὐδ’
1722 1663 1792 1717 ἂν
1846 1672 1956 1716 τῶν

200 1751 202 1754 ’
261 1754 509 1823 μάντεων
556 1756 941 1824 προλεγόντων
987 1755 1211 1822 ἤλπισα·
1265 1758 1449 1806 πωλῶ
1503 1754 1747 1823 τροφὰς
1800 1752 1958 1821 ὑμῖν
2032 1817 2034 1819 ‚

195 1951 238 1984 20

261 1850 369 1910 τῆς
401 1850 514 1895 τοῦ
545 1842 824 1911 πένητος
856 1850 1121 1912 σφαγῆς.
1168 1841 1195 1894 ὁ
1227 1839 1343 1908 μὲν
1375 1841 1739 1911 θνῃσκέτω,
1770 1841 1957 1908 ὑμεῖς

263 1928 331 1984 δὲ
371 1929 641 1983 ἐσθίετε.
1504 1979 1507 1982 .

377 2020 458 2072 19.
513 2021 663 2086 Ναί,
720 2034 917 2088 φησιν,
981 2019 1174 2090 ᾔτησε
1233 2021 1373 2088 μέν,
1438 2022 1664 2088 λαβεῖν
1719 2016 1787 2071 δὲ
1841 2018 1956 2071 οὐκ

263 2109 576 2177 ἠδυνήθη.
618 2109 723 2161 καὶ
761 2118 890 2171 πῶς
930 2109 1047 2162 οὐκ
1086 2110 1338 2176 ἄλογον
1370 2108 1655 2177 ἀθυμεῖν
1685 2107 1808 2160 ὑπὸ
1841 2114 1956 2160 τοῦ

265 2199 471 2266 δήμου
513 2198 1044 2266 φρουρούμενον;
1085 2197 1191 2265 ἐγὼ
1234 2195 1293 2250 δὲ
1334 2199 1433 2251 τὸν
1463 2194 1564 2264 μὲν
1596 2198 1789 2265 δῆμον,
1823 2195 1956 2265 ὅπερ

387 2333 440 2371 14
473 2327 530 2372 cf.
564 2343 608 2384 p.
637 2332 736 2383 193,
757 2333 809 2372 15

386 2452 407 2490 1
435 2447 550 2502 κάμὲ
570 2448 615 2490 Β
736 2451 760 2488 3
788 2444 940 2490 ἄλλοτ’
974 2448 1075 2491 VM
1096 2447 1187 2491 edd
1310 2451 1336 2489 4
1361 2445 1600 2502 θαλάσσης
1617 2446 1670 2488 Η
1729 2443 1959 2500 scriptura

265 2507 314 2550 in
342 2507 400 2552 Cr
430 2506 609 2550 incerta
747 2509 772 2548 5
806 2506 1079 2561 ἀνθρώποις
1110 2521 1186 2550 om
1220 2507 1289 2550 Va
1421 2510 1446 2548 6
1480 2512 1594 2560 γοῦν
1626 2518 1700 2548 om
1726 2504 1771 2546 B
1833 2519 1882 2560 γε
1907 2503 1967 2547 H

326 2566 555 2622 scriptura
585 2565 635 2607 in
661 2565 722 2610 Cr
751 2565 929 2608 incerta
957 2567 962 2621 Ι
991 2564 1067 2608 ἴσα
1101 2565 1267 2621 scripsi
1300 2578 1355 2609 ex
1379 2565 1435 2608 Η
1442 2564 1589 2607 VBM
1597 2565 1667 2608 Va
1727 2563 1959 2619 scriptura

266 2625 315 2667 in
342 2625 401 2670 Cr
431 2624 609 2668 incerta
680 2623 780 2668 ἴσον
813 2624 902 2667 edd
1046 2629 1070 2667 9
1105 2625 1160 2668 οὐ
1195 2623 1282 2679 γὰρ
1315 2623 1364 2666 in
1395 2623 1469 2666 lac
1502 2627 1528 2665 4
1560 2621 1640 2666 litt
1673 2636 1747 2666 om
1772 2623 1818 2666 B

270 2689 319 2727 11
355 2684 472 2738 πρὸς
503 2683 669 2739 scripsi
702 2684 890 2726 auctore
922 2682 991 2725 Re
1052 2683 1159 2738 περὶ
1189 2682 1300 2726 libri
1332 2682 1422 2726 edd
1484 2682 1603 2738 ἡμᾶς
1630 2683 1691 2726 M
1697 2682 1765 2726 Va
1797 2680 1878 2723 sed
1909 2679 1959 2722 in

266 2743 355 2786 hoo
380 2760 408 2796 η
433 2743 482 2785 in
507 2760 535 2786 v
560 2756 673 2796 corr,
699 2742 800 2784 Mor
922 2746 975 2784 12
1011 2740 1206 2796 ἐμέθυεν
1231 2741 1301 2800 ἐν]
1328 2739 1496 2796 ἐμέθυε
1517 2742 1634 2784 CrH
1639 2742 1682 2784 V
1798 2744 1852 2782 15
1875 2744 1958 2782 τοῦ

268 2816 339 2845 cm
373 2803 416 2846 V
460 2805 466 2858 Ι
514 2800 583 2856 εἴη
619 2802 687 2845 Va
810 2804 863 2843 16
896 2800 1117 2844 τοσούτου
1151 2798 1279 2844 σίτου
1304 2800 1414 2844 ΒΜ
1422 2801 1491 2844 Va
1561 2800 1792 2855 scriptura
1823 2798 1873 2840 in
1900 2797 1960 2841 Cr

267 2860 446 2904 incerta
569 2864 622 2903 18
655 2859 864 2916 μάντεων
898 2861 966 2903 Va
999 2859 1079 2902 sed
1105 2858 1213 2903 άντε
1245 2859 1294 2902 in
1318 2873 1391 2902 ras
1417 2858 1486 2901 m²
1607 2863 1661 2901 21
1697 2871 1807 2914 φησι
1841 2857 1959 2901 VVa

267 2919 359 2963 edd
422 2919 650 2975 scripbura
681 2918 730 2961 in
757 2919 817 2964 Or
846 2918 1026 2961 incerta
