2044 3168
217 78 322 131 168
369 111 371 115 Α
801 77 1091 122 GREGORH
1112 52 1325 122 ‘CYPRII

211 224 367 282 γεϊν.
437 212 527 266 καὶ
583 213 611 267 ὁ
665 211 765 281 μὲν
831 214 1005 277 οὕτως
1068 215 1265 268 οὐδενί
1327 234 1402 286 τω
1463 211 1767 284 προσέχων
1807 215 1908 267 τὸν

210 310 353 356 νοῦν
392 302 475 355 ὅτι
514 304 587 371 μὴ
628 301 802 375 ἑαυτῷ
842 303 913 372 ἢν
953 303 1199 373 ἀρχῆθεν
1238 306 1360 372 ἔσχε
1407 301 1533 372 περὶ
1571 310 1666 371 τῆς
1706 302 1906 371 ἀποκη-

211 391 414 459 ρύξεως
467 393 693 461 γνώμην
745 393 1042 460 κρατύνειν
1095 391 1251 461 μέχρι
1305 391 1491 455 τέλους
1547 392 1821 458 οἰόμενος,
1870 390 1904 443 ἃ

212 477 258 533 δ’
305 478 476 548 ἔγωγε
529 481 666 551 πρὸς
721 481 890 534 αὐτὸν
945 480 1067 533 ἀντὶ
1120 481 1355 550 τούτων,
1410 481 1483 543 ὡς
1538 480 1760 542 δικαίως
1812 481 1904 533 καὶ

165 591 185 623 5
209 573 385 632 καλῶς
430 567 564 638 ἔχει,
611 568 865 622 ἀκούσατ’
913 568 1191 638 ἐπιμελῶς.
1246 569 1351 622 κᾶν
1390 566 1451 622 δὲ
1490 570 1562 638 μὴ
1603 568 1775 631 οὕτως
1815 568 1903 621 εὕ-

209 648 355 726 ρητε,
396 657 733 726 ἀπελαθείην
773 658 970 711 αὐτίκα
1004 659 1149 726 μάλα
1187 659 1278 712 καὶ
1320 666 1419 711 τοῦ
1461 659 1701 727 βήματος
1737 658 1903 710 τοῦδε

208 757 388 809 κακῶς
425 745 516 799 καὶ
555 755 651 815 τῆς
688 748 942 817 πατρώας
982 749 1174 815 οἰκίας,
1213 755 1313 800 τοῦ
1351 744 1454 814 μὲν
1494 748 1567 809 ὡς
1604 745 1900 814 ἡττημένος

207 836 297 888 καὶ
343 833 517 903 μηδὲν
566 836 796 906 ἰσχυρὸν
841 838 1310 905 προβαλλόμενος,
1357 844 1452 904 τῆς
1508 832 1569 888 δὲ
1616 836 1689 898 ὡς
1739 833 1901 899 ἀξίως

208 923 740 994 καταδεδικασμένος
771 925 873 993 τὴν
898 923 1252 995 ἀποκήρυξιν.
1286 923 1371 978 52.
1395 925 1541 993 πλὴν
1573 925 1709 994 ἅπερ
1743 923 1899 977 ἀκοῦ-

143 1035 184 1067 ιο
208 1028 300 1066 σαι
341 1014 425 1066 δεῖ
464 1013 602 1083 πρὸς
639 1013 796 1082 ἡμῶν
833 1014 932 1066 τὸν
969 1012 1197 1083 πατέρα,
1246 1015 1294 1067 εἰ
1333 1010 1435 1083 μὲν
1475 1013 1697 1082 ἀληθῶς
1737 1013 1902 1074 λάλος

208 1102 331 1170 ἐγώ,
369 1102 557 1171 πάτερ,
597 1100 686 1154 καὶ
725 1103 854 1155 νυνὶ
890 1093 1101 1169 μᾶλλον
1132 1101 1164 1170 ἢ
1197 1104 1486 1170 πρότερον,
1526 1110 1620 1171 τῆς
1660 1101 1899 1169 ἀνάγκης

205 1198 369 1244 τοῦτο
411 1193 488 1253 είς
525 1191 595 1259 ἣν
634 1192 772 1260 ἡμᾶς
801 1190 1172 1260 περιέστησας.
1213 1191 1286 1253 ὡς
1317 1193 1421 1261 γὰρ
1452 1191 1574 1261 περὶ
1606 1200 1717 1244 τῶν
1750 1190 1901 1259 ε’σχά-

205 1301 317 1333 των
348 1287 445 1333 τοῦ
478 1279 693 1347 ἀγῶνος
722 1279 1067 1350 ὑπάρχοντος
1100 1281 1244 1343 εἰκὸς
1275 1281 1548 1349 μηδεμίαν
1580 1280 1754 1349 φειδὼ
1787 1289 1899 1332 τῶν

207 1371 388 1437 λόγων
412 1369 670 1436 γίνεσθαι
699 1370 831 1437 μήτε
863 1369 972 1437 μὴν
1004 1368 1337 1438 ἐκφέρεσθαι
1369 1370 1505 1422 κατὰ
1543 1372 1605 1422 τὸ
1638 1366 1770 1431 ἔθος
1802 1368 1898 1421 αὐ-

139 1478 182 1511 15
206 1461 336 1520 τοὺς
363 1466 457 1526 τῆς
480 1460 605 1524 βίας
630 1457 890 1525 ώθούσης
913 1457 1097 1525 λέγειν
1122 1458 1517 1527 σφοδρότερον,
1542 1459 1635 1510 ἵνα
1658 1460 1730 1526 μὴ
1756 1457 1898 1526 λέγω

204 1547 276 1609 ὡς
299 1550 430 1608 τοὺς
453 1548 519 1599 τά
553 1547 735 1599 δίκαια
767 1545 1027 1613 λέγοντας
1059 1548 1202 1609 εἰκὸς
1232 1548 1321 1600 καὶ
1353 1549 1520 1600 πλείω
1552 1545 1643 1600 καὶ
1677 1549 1898 1615 ἰσχυρό-

203 1654 333 1703 τερα
373 1634 555 1702 λέγειν
593 1644 705 1688 τῶν
745 1635 929 1688 ἄλλων
976 1637 1048 1698 ὡς
1092 1644 1188 1705 τῆς
1236 1635 1500 1703 ἀληθείας
1546 1638 1898 1704 πολλαχόθεν

204 1724 304 1793 μὲν
344 1723 769 1793 συνισταμένης,
817 1726 994 1777 πολλὰ
1042 1721 1103 1777 δὲ
1150 1724 1331 1792 λέγειν
1377 1723 1466 1777 καὶ
1514 1724 1652 1793 ὑπὲρ
1702 1723 1896 1793 ἑαυτῆς

203 1813 561 1882 χορηγούσης.
617 1813 699 1866 ὅτι
739 1809 801 1865 δὲ
840 1812 972 1865 οὐδὲ
1013 1814 1297 1882 στωμύλος
1337 1813 1441 1882 ε’γώ
1481 1833 1564 1875 τις
1601 1811 1692 1866 καὶ
1733 1813 1896 1875 λάλος

127 1922 179 1954 πο
203 1900 293 1954 καὶ
333 1894 455 1954 οἷον
496 1903 619 1970 ἄρτι
659 1903 886 1970 πρώτως
926 1902 1235 1971 ὑπείληφεν
1273 1902 1302 1956 ὁ
1343 1905 1537 1971 πατήρ,
1577 1898 1727 1970 οἶμαι
1767 1905 1896 1965 τοὺς

202 2009 264 2057 γε
312 1991 516 2053 ἄλλους
555 1989 647 2043 καὶ
693 1991 835 2057 ὑμᾶς
882 1991 1087 2054 αὐτοὺς
1135 1994 1530 2061 μαρτυρήσειν,
1586 1991 1644 2043 οἵ
1693 2011 1758 2058 με
1804 1992 1895 2044 καὶ

203 2088 493 2132 σιωπῶντα
554 2077 646 2131 καὶ
701 2081 1049 2146 βουλόμενον
1108 2079 1289 2147 λέγειν
1343 2077 1517 2148 μηδὲν
1568 2081 1895 2148 παρεκελεύ-

202 2166 316 2221 σατ’
371 2167 781 2237 ἀποκρίνασθαι
834 2167 924 2220 καὶ
964 2169 1060 2231 τὰς
1110 2170 1285 2231 αἰτίας
1336 2171 1415 2231 εἰς
1458 2168 1699 2237 δύναμιν
1738 2170 1893 2221 λύειν

200 2261 524 2323 πειρᾶσθαι,
572 2255 634 2318 ἃς
681 2256 954 2324 ἐπήγαγεν
1003 2256 1031 2309 ὁ
1070 2260 1262 2326 πατήρ.
1309 2258 1398 2310 καὶ
1446 2258 1549 2326 γὰρ
1604 2257 1706 2326 οὐχ
1745 2257 1774 2310 ὁ
1815 2259 1892 2320 είς

134 2363 176 2396 25
202 2343 448 2412 ἀνάγκην
486 2352 585 2397 τοῦ
635 2342 816 2412 λέγειν
855 2347 1182 2413 περιπεσών,
1230 2342 1347 2399 εἶτα
1386 2344 1563 2412 λέγων
1611 2347 1689 2407 εἰς
1723 2346 1891 2398 δύνα-

200 2453 298 2501 μιν
351 2433 561 2494 δίκαιος
607 2440 700 2500 τῆς
749 2440 849 2485 τοῦ
890 2436 1079 2485 λαλεῖν
1119 2435 1297 2496 αἰτίας
1335 2438 1724 2503 κληρονομεῖν,
1765 2431 1883 2487 ἀλλ’

201 2521 349 2583 ὅστις
393 2521 629 2589 μηδενὸς
676 2522 854 2588 δήπου
902 2524 1034 2589 μήτε
1080 2526 1383 2585 καλοῦντος
1428 2525 1560 2591 μήτε
1606 2522 1891 2589 βιάζοντος

200 2607 363 2671 αὐτὸς
409 2610 681 2678 χαρίζοιτο
737 2618 801 2678 τῇ
859 2611 1071 2680 γλώττῃ
1117 2611 1265 2681 παρὰ
1318 2613 1525 2680 καιρόν.
1580 2609 1671 2663 καὶ
1725 2619 1888 2664 τοῦτο

320 2831 344 2869 6
378 2825 635 2884 ἀπελθείην
659 2828 703 2870 L
846 2831 901 2870 22
935 2829 1211 2873 ammas,
1259 2831 1267 2885 Ι
1315 2827 1673 2883 παρακελεύσατ’
1710 2829 1751 2871 V

201 2889 255 2928 23
290 2885 338 2928 ἐσ
362 2887 405 2929 L
527 2891 581 2929 24
615 2885 639 2930 ὃ
672 2886 836 2942 scripsi
899 2885 952 2931 ὃσ
975 2887 1071 2930 LV
