2044 3168
82 114 375 160 PAUPERIS
408 114 710 159 RHETORIS
743 113 971 159 LINGUA
1002 113 1249 158 PRIVATI
1281 113 1577 159 DEFENSIO
1662 114 1771 167 205

82 256 393 319 solymitanis
421 255 468 304 S.
487 254 657 304 Crucis
677 256 744 303 57
772 258 822 304 et
839 254 886 304 S.
906 254 1131 317 Sepulcri
1150 256 1270 316 107,
1290 254 1533 303 Vaticano
1558 271 1630 318 gr.
1651 256 1773 317 940,

82 329 312 378 Chisiano
353 330 396 377 R
420 330 491 378 VI
517 332 609 391 43,
655 329 991 378 Laurentiano
1030 328 1171 375 LVII
1197 330 1263 375 27
1313 329 1772 377 Wolfenbuttelano

80 404 360 452 continetur
399 403 529 466 quod
562 404 857 452 declamatio
898 403 1026 451 afuit
1065 419 1210 467 aegre
1250 403 1508 450 ferendum
1548 406 1635 450 est.
1698 404 1774 450 Ex

81 478 285 527 alterius
325 494 440 527 vero
487 479 658 528 classis
698 493 824 540 quae
865 478 970 526 sola
1018 493 1127 525 eam
1174 478 1392 526 servavit
1433 477 1682 526 codicibus
1720 477 1773 524 in

80 568 279 600 censum
309 552 557 602 vocandos
587 568 691 601 esse
722 551 841 600 duxi
864 552 1060 600 MLLa
1072 552 1131 600 Vi
1145 546 1464 600 ViHGlParB
1480 552 1563 600 Va.
1604 550 1700 608 Qui
1723 553 1775 599 et

79 627 175 688 ipsi
207 627 259 674 in
292 626 414 675 duas
447 627 705 676 discedunt
737 626 978 687 familias,
1019 641 1231 687 quarum
1269 627 1406 687 prior
1438 625 1687 674 codicibus
1712 626 1780 673 M

79 701 142 763 L,
161 701 319 749 altera
337 701 583 750 codicibus
601 701 683 749 La
695 701 754 748 Vi
769 695 1086 749 ViHC'lParB
1102 701 1172 748 Va
1197 701 1490 761 continetur,
1508 701 1582 747 ita
1605 702 1774 747 tamen

79 777 136 822 ut
167 791 265 822 non
297 777 454 824 solum
498 776 557 824 Vi
588 781 638 822 et
667 775 778 822 fons
810 774 1033 823 codicum
1070 774 1232 823 GlPar
1263 776 1534 823 communis
1566 774 1667 822 vim
1695 789 1772 822 co-
1863 810 1871 814 -
1952 771 1960 775 ”

80 849 202 898 dicis
235 850 306 910 L,
352 849 438 899 sed
481 851 630 897 etiam
673 843 777 898 Vin
823 849 924 898 vim
971 849 1151 897 codicis
1198 849 1378 911 prioris
1426 848 1647 896 familiae
1694 864 1772 896 ex-

81 923 210 985 perti
242 925 356 972 sint.
1471 921 1474 924 ’

191 997 583 1046 Necessitudinis
627 997 881 1045 vinculum
929 1014 1026 1060 quo
1075 998 1262 1060 singuli
1309 996 1498 1046 codices
1545 999 1677 1045 inter
1723 1012 1772 1044 se

81 1073 328 1120 coniuncti
361 1074 477 1121 sunt
507 1073 599 1120 hoc
632 1072 726 1120 tibi
757 1072 928 1120 reddet
960 1075 1194 1120 stemma:

83 2107 275 2157 Codicis
306 2109 615 2156 Monacensis
649 2101 822 2173 (Mon)
863 2109 948 2169 qui
986 2124 1011 2156 e
1044 2109 1091 2156 L
1137 2109 1282 2157 fluxit
1327 2125 1427 2156 non
1475 2125 1641 2158 omnes
1689 2110 1772 2159 sed

80 2184 280 2231 tantum
318 2198 502 2244 paucas
542 2197 670 2244 quae
704 2181 766 2230 ad
803 2181 930 2229 illud
966 2182 1277 2244 probandum
1315 2185 1527 2231 maxime
1566 2184 1772 2232 idoneae

83 2259 245 2306 essent
275 2256 511 2305 lectiones
544 2258 594 2303 in
630 2258 928 2318 apparatum
962 2257 1180 2319 recipere
1213 2274 1237 2304 e
1270 2274 1322 2305 re
1355 2273 1457 2306 esse
1491 2259 1652 2306 visum
1684 2260 1771 2309 est.

192 2330 338 2378 Fides
368 2331 469 2378 fere
501 2346 592 2393 par
624 2332 699 2379 est
730 2345 830 2392 qua
859 2333 1070 2393 utraque
1100 2331 1293 2380 familia
1318 2331 1640 2395 archetypum
1664 2333 1773 2380 red-

82 2404 230 2467 didit,
272 2405 355 2466 qui
395 2406 444 2452 et
482 2405 588 2466 ipse
628 2404 728 2452 iam
767 2404 952 2452 multas
997 2405 1234 2453 lectiones
1274 2406 1493 2468 duplices
1537 2406 1773 2466 exhibuit,

84 2495 292 2540 quarum
326 2479 472 2526 modo
503 2479 625 2526 haec
655 2478 802 2526 modo
832 2478 924 2526 illa
954 2481 1153 2542 recepta
1185 2482 1272 2528 est.

194 2552 503 2600 Testimonia
530 2554 632 2600 fere
665 2552 854 2602 desunt.
918 2553 1047 2601 Nam
1087 2554 1219 2602 solus
1258 2554 1557 2603 Macarius
1591 2553 1771 2616 Chry-

83 2641 144 2674 so
160 2626 301 2688 ceph
314 2620 499 2692 alus¹)
515 2642 633 2675 usus
658 2626 742 2673 ille
767 2626 932 2674 codice
957 2627 1176 2675 familiae
1195 2628 1228 2676 d
1251 2630 1352 2676 tres
1375 2628 1508 2677 locos
1533 2628 1771 2676 laudavit.

193 2700 253 2748 In
292 2700 451 2747 lucem
490 2702 742 2762 protracta
785 2703 860 2748 est
891 2701 1187 2750 declamatio
1228 2718 1356 2750 anno
1393 2703 1532 2751 1606
1575 2718 1604 2750 a
1642 2702 1770 2750 Fed.

83 2773 333 2822 Morello
374 2767 468 2840 (=
501 2773 629 2835 Mor)
676 2773 848 2823 Liban.
890 2790 1002 2837 opp.
1051 2776 1144 2823 vol.
1179 2775 1204 2822 I
1249 2793 1295 2837 p.
1331 2776 1635 2824 882—897
1686 2775 1772 2838 qui

205 2932 246 2987 1)
281 2929 348 2975 Of.
379 2932 413 2974 t.
439 2929 460 2973 I
490 2945 534 2986 p.
562 2933 660 2974 351.
