2014 3158
339 129 456 174 PRO
489 131 766 175 MULIERE
802 128 1225 174 TYRANNICIDA
1256 127 1493 172 ΡΕΤΙΤΙΟ
1660 127 1766 180 451

70 267 172 334 τὴν
210 266 395 335 ὕβριν,
435 266 463 320 6
504 264 565 320 δὲ
605 268 775 336 δῆμος
814 265 881 318 οὐ
930 266 1198 334 φείσεται·
1249 265 1297 316 εἰ
1338 262 1391 316 δ’
1428 264 1456 316 6
1495 260 1597 331 μὲν
1636 262 1665 316 6
1705 264 1770 315 τὰ

74 355 321 422 τύραννα
361 356 566 423 δράσας
606 354 787 407 ἐκεῖνα
824 351 914 407 καὶ
955 352 1254 419 πέπτωκεν,
1295 353 1354 406 οἱ
1396 350 1444 405 δ’
1485 352 1652 405 οὐδὲν
1691 347 1772 405 ὧν

76 443 284 507 ἐκεῖνος
323 442 609 514 ἐτυράννει
649 443 1092 510 σκαιωρούμενος
1132 440 1355 512 ᾔδεσαν,
1396 450 1511 502 πῶς
1550 440 1653 493 οὐκ
1684 442 1770 509 ἄν,

76 529 118 585 ὦ
157 533 295 600 πρὸς
334 534 490 600 Διός,
529 533 601 600 μὴ
640 532 730 584 καὶ
770 529 940 599 γέλως
989 530 1182 597 δοκοίη
1229 529 1291 581 τὸ
1339 531 1595 598 ψήφισμα
1645 529 1770 581 τού-

76 641 206 684 τους
238 620 582 673 ἀποκτείνειν
613 622 668 673 οἳ
697 619 907 689 μηδένα
946 627 1058 672 τῶν
1096 621 1339 671 πολιτῶν
1378 617 1766 684 ἀπεκτόνασιν;
1815 639 1838 672 r>

75 710 162 763 24.
202 711 249 762 εἰ
288 710 392 778 γὰρ
433 709 619 762 διττὸν
657 709 864 778 τρόπον
903 708 1218 761 ὑπεύθυνοι
1259 709 1511 774 γίνονται
1553 708 1767 775 ἀνθρω-

74 817 186 867 ποι,
227 797 259 866 ἢ
298 799 432 869 πρὸς
470 796 638 876 πέρας
677 798 738 850 τὸ
779 795 939 850 κακοὶ
979 795 1243 864 γενέσθαι
1283 797 1772 865 φιλονεικήσαντες

75 889 165 941 καὶ
203 897 316 949 τοῖς
353 906 534 956 εργοις
574 887 636 940 τὸ
677 895 773 955 τῆς
813 887 1034 954 γνώμης
1073 883 1462 952 ἀπελέγξαντες
1502 885 1697 936 ἄδικον
1735 884 1771 953 ἢ

72 978 229 1045 μήπω
282 975 384 1042 μὲν
438 973 879 1045 ἐγχειρήσαντες,
931 976 1089 1043 δῆλοι
1146 971 1193 1025 δ’
1253 974 1428 1035 άλλως
1484 974 1639 1035 ὄντες
1693 974 1770 1035 εἰς

73 1072 235 1117 τοῦτο
276 1065 497 1133 γνώμης
535 1062 773 1133 ἥξοντες,
815 1065 864 1116 εἰ
895 1064 967 1131 μὴ
1000 1063 1134 1132 μετὰ
1164 1070 1259 1131 τῆς
1291 1060 1588 1130 ἐπιβουλῆς
1619 1062 1767 1130 φθά-
1794 1085 1835 1117 ιο

74 1167 156 1206 σει
203 1151 293 1205 καὶ
339 1153 400 1205 τὸ
448 1162 602 1222 σῶμα
649 1159 861 1206 θᾶττον
909 1152 1191 1215 ἀποκόψας
1238 1151 1266 1204 6
1309 1151 1502 1220 δῆμος,
1553 1151 1770 1203 τούτων

74 1238 135 1294 δὲ
174 1243 234 1294 τὸ
275 1241 376 1310 μὲν
416 1240 600 1304 οὐδεὶς
638 1239 748 1310 ἔχει
786 1242 1090 1307 δεικνύναι,
1122 1242 1182 1293 τὸ
1217 1236 1265 1293 δ’
1305 1240 1468 1301 αὐτὸς
1508 1239 1536 1293 6
1570 1241 1768 1309 χρόνος

72 1330 137 1383 οὐ
185 1339 476 1400 μαρτυρεῖ,
525 1331 627 1383 οὐκ
676 1325 801 1383 οἶδα
852 1328 974 1383 ἀντὶ
1020 1331 1171 1392 τίνος
1218 1330 1271 1382 οἱ
1317 1330 1507 1391 παῖδες
1553 1328 1769 1382 ἀδικεῖν

70 1419 293 1481 δικαίως
332 1418 565 1483 δόξαιεν.
628 1419 714 1472 25.
754 1419 788 1488 ἢ
827 1421 991 1488 μόνοι
1037 1428 1149 1471 τῶν
1196 1418 1455 1471 ἁπάντων
1501 1416 1675 1486 μηδέν
1713 1437 1766 1470 τι

69 1506 542 1576 πονηρευσάμενοι
595 1509 662 1560 τὰ
715 1518 826 1561 τῶν
879 1506 1383 1578 πονηρευσαμένων
1443 1506 1765 1571 ὑποίσουσι;
1790 1530 1831 1563 15

68 1606 255 1665 πρῶτα
303 1596 426 1662 λέγε
472 1615 566 1665 μοι
614 1598 674 1650 τὸ
721 1599 1044 1666 πονήρευμα
1098 1597 1190 1650 καὶ
1243 1597 1362 1649 τότε
1413 1596 1511 1648 τὸν
1566 1597 1765 1664 δήμιον

69 1684 264 1750 ὅπλιζε.
305 1681 389 1754 ἀρ’
438 1681 543 1738 οὗν
581 1705 705 1738 τινα
738 1695 848 1738 τῶν
880 1689 1121 1738 πολιτῶν
1154 1687 1428 1754 χρήμασιν
1461 1682 1766 1753 ἐζημίωσαν

2 1810 7 1815 «
67 1772 101 1841 ’ἢ
141 1781 303 1827 τοῦτο
350 1774 452 1843 μὲν
499 1775 591 1842 οὔ,
640 1776 866 1843 φυγάδα
914 1775 976 1828 δὲ
1022 1782 1117 1843 τῆς
1162 1775 1428 1842 πατρίδος
1475 1773 1764 1841 ἐξήλασαν;

71 1861 101 1930 ἢ
155 1861 245 1915 καὶ
299 1870 463 1916 τοῦτο
518 1860 620 1929 μὲν
673 1872 770 1932 τῆς
829 1865 1161 1933 κακουργίας
1215 1862 1317 1915 οὐκ
1378 1860 1517 1931 ἔχεις
1571 1863 1763 1930 εἰπεῖν,

69 1950 254 2020 ὀφρὺν
294 1950 358 2004 δέ
386 1971 510 2004 τινα
542 1953 677 2004 κατὰ
708 1961 820 2004 τῶν
853 1953 1106 2020 δημοτῶν
1138 1951 1443 2004 ἀκόλαστον
1474 1951 1565 2003 καὶ
1595 1950 1762 2020 ὕβριν
1786 1975 1830 2008 20

185 2072 210 2110 2
246 2067 385 2124 Soph.
420 2067 512 2111 ΟΒ.
547 2071 632 2111 588
667 2068 724 2111 cf.
757 2082 801 2123 p.
827 2072 928 2123 452,
948 2072 971 2111 7
1097 2074 1150 2112 16
1175 2083 1241 2123 sq.
1276 2067 1332 2112 cf.
1366 2082 1411 2124 p.
1438 2070 1613 2122 359,18

189 2177 210 2214 1
255 2148 312 2215 οὐ
352 2187 436 2228 μεν
470 2173 561 2215 Mu
705 2177 729 2214 2
774 2171 854 2214 καὶ
895 2170 1158 2245 πέπτωκεν]
1200 2169 1562 2215 καταπέπτωκεν
1600 2169 1760 2213 Iacobs

8 2270 10 2274 .
66 2230 173 2286 App
205 2229 317 2274 Pors
345 2234 428 2273 329
464 2230 605 2274 Schul
754 2234 778 2273 3
813 2231 1182 2287 σκαιωρούμενος
1214 2230 1380 2287 scripsi
1408 2244 1432 2274 e
1465 2230 1649 2274 VatMu
1679 2228 1761 2272 sed

67 2288 117 2331 in
148 2289 235 2333 hoc.
269 2307 291 2341 ς
320 2290 368 2332 in
402 2307 418 2334 ι
451 2304 552 2333 corr
613 2290 981 2345 σκαιωρούμενοι
1006 2290 1239 2335 ΜαΟῐΜο
1264 2290 1331 2333 Re
1394 2288 1761 2344 σκευωρούμενοι

67 2348 172 2392 coni
203 2348 365 2392 Iacobs
398 2348 539 2392 Schul
615 2349 987 2404 σκευωρούμενος
1019 2348 1223 2392 Sintenis
1255 2350 1306 2392 at
1338 2348 1395 2392 ef.
1421 2348 1481 2392 ad
1516 2363 1559 2404 p.
1589 2350 1758 2402 325,15

184 2412 211 2450 4
242 2407 303 2464 μὴ
335 2407 384 2450 in
417 2408 613 2466 αἰσχύνη
657 2408 934 2451 mutandum
979 2409 1082 2452 coni
1121 2408 1282 2452 Iacobs
1317 2407 1474 2463 Schul,
1507 2406 1678 2464 rectius
1710 2406 1759 2448 in

65 2467 199 2522 χλεύη
232 2466 450 2510 Philostr.
485 2471 567 2510 331
603 2467 659 2510 cf.
693 2469 726 2509 t.
752 2466 815 2510 VI
840 2471 998 2522 31,11‚
1032 2467 1074 2510 V
1098 2472 1198 2521 559,
1218 2472 1243 2511 9
1278 2472 1283 2522 1
1313 2465 1475 2534 δοκοίη
1502 2466 1592 2509 Μα
1624 2465 1705 2508 sed
1729 2481 1758 2520 η

69 2523 145 2569 del
175 2525 245 2568 m'
366 2530 391 2569 5
424 2524 740 2570 ἀποκτόνασιν
771 2526 912 2571 MaC'Z
1034 2532 1056 2570 7
1091 2528 1225 2571 κακοὶ
1260 2526 1424 2582 scripsi
1458 2539 1482 2569 e
1515 2524 1761 2570 MaOlVat

9 2587 15 2605 ⁴
125 2584 272 2629 κακὸν
299 2586 478 2630 MoMu
507 2585 575 2628 Re
713 2589 767 2627 10
800 2585 984 2639 φθάσοι
1018 2586 1105 2629 Vat
1242 2591 1294 2628 12
1327 2598 1436 2628 voce
1469 2583 1520 2628 δὲ
1553 2583 1633 2626 des
1668 2585 1758 2627 Mu

8 2699 12 2701 Β
189 2648 240 2686 14
274 2643 318 2687 οἳ
344 2645 433 2688 Ma
505 2645 586 2688 καὶ
619 2645 707 2688 Vat
844 2649 897 2686 15
931 2643 1116 2701 signum
1148 2643 1530 2701 interrogationis
1561 2641 1699 2698 posui

12 2719 18 2762 j*
66 2702 198 2745 colon
221 2702 331 2745 libri
347 2702 415 2747 Re
539 2708 591 2747 16
617 2704 743 2757 πρῶτ
755 2704 845 2746 Ma
859 2703 944 2747 Vat
1003 2710 1186 2757 πρῶτον
1205 2703 1410 2747 Sintenis
1437 2704 1486 2744 at
1517 2700 1572 2745 cf.
1591 2717 1635 2757 p.
1654 2704 1755 2753 464,

4 2784 5 2787 =
67 2765 121 2803 16
165 2765 170 2815 Ι
220 2760 388 2817 δήμιον
420 2762 586 2818 scripsi
611 2776 635 2805 e
663 2761 906 2805 MaGlVat
966 2763 1115 2818 δῆμον
1141 2763 1226 2807 Mo
1257 2763 1325 2805 Re
1449 2765 1502 2803 17
1535 2759 1642 2804 τίνα
1668 2761 1757 2804 Ma

4 2826 14 2861 ,ἓ
76 2819 164 2863 Vat
292 2825 346 2864 18
377 2818 404 2876 ἢ
433 2847 486 2852 -
512 2820 737 2875 ἐξήλασαν
768 2820 817 2863 in
850 2834 983 2876 marg
1017 2823 1105 2866 Vat
1147 2824 1152 2876 Ι
1195 2820 1250 2865 οὔ
1280 2823 1366 2865 Μα
1400 2820 1481 2862 sed
1514 2835 1569 2863 ov
1600 2819 1649 2861 in
1681 2831 1756 2861 ras

66 2877 136 2920 ιη’
163 2880 170 2934 Ι
198 2879 389 2935 φυγάδα
416 2881 506 2924 Μα
537 2880 617 2922 sed
643 2896 709 2933 φυ
734 2879 781 2922 in
806 2892 882 2923 ras
908 2878 978 2922 m'
1098 2885 1153 2923 20
1186 2882 1399 2936 δημοτῶν
1425 2878 1591 2934 scripsi
1618 2891 1642 2921 e
1668 2878 1757 2921 Ma

69 2935 220 2981 GlVat
279 2940 479 2981 πολιτῶν
506 2939 589 2983 Mo
621 2938 689 2981 Re

1308 3012 1396 3054 29*
