2020 3146
233 463 659 533 Φιλαργύρου
691 470 840 524 παῖς
871 469 985 515 τοῦ
1016 463 1258 529 πατρὸς
1291 462 1490 515 αὐτοῦ
1519 464 1928 530 νοσήσαντος

227 551 463 619 ηὔξατο
519 551 843 604 τάλαντον
895 557 977 623 τῷ
1028 549 1143 603 Διὶ
1198 550 1588 619 ἀναθήσειν,
1652 552 1708 604 εἰ
1768 550 1921 620 ὑγιῆ

228 640 552 708 ἀπολάβοι
598 641 711 693 τὸν
755 638 1023 710 πατέρα,
1073 639 1101 693 ὁ
1151 637 1220 693 δὲ
1267 639 1640 708 ἀνενεγκὼν
1686 639 1923 708 ἀποκη-

302 730 524 799 ρύττει
563 729 676 781 τὸν
714 729 934 781 παῖδα·
975 733 1343 798 μελετῶμεν
1383 729 1451 782 δὲ
1489 729 1602 781 τὸν
1640 729 1853 781 παῖδα.

137 865 183 908 p.
209 857 237 922 ς.
261 866 318 908 pr
487 847 532 899 1.
570 849 758 913 Εἰκός,
798 843 840 900 ὦ
882 848 1098 916 ἄνδρες,
1137 849 1268 909 τοὺς
1307 848 1531 910 πλείους
1568 856 1680 899 τῶν
1712 845 1924 911 ἔξωθεν

181 956 202 989 6
228 934 533 1004 ἑστηκότων
571 934 659 988 καὶ
710 929 793 998 οἷς
840 933 1006 988 οὐδὲν
1055 936 1195 999 ὅλως
1240 944 1340 989 τοῦ
1387 938 1660 1006 παρόντος
1708 935 1923 1004 ἀγῶνος

226 1023 460 1093 μέτεστι,
499 1025 732 1094 μάλιστα
773 1022 833 1078 δὲ
875 1026 1100 1078 πάντων
1147 1018 1228 1087 οἷς
1266 1025 1359 1078 καὶ
1395 1025 1613 1078 παίδων
1650 1024 1924 1094 πατράσιν

226 1112 433 1184 ὑπῆρξε
471 1113 735 1181 γενέσθαι
783 1114 886 1167 οὐκ
932 1113 1235 1182 ἀποστῆναι
1275 1122 1375 1167 τοῦ
1422 1115 1494 1182 μὴ
1540 1115 1798 1183 σφοδρῶς
1837 1113 1922 1181 ἐγ-

226 1208 450 1256 κεῖσθαι
502 1211 622 1265 ταῖς
665 1201 780 1256 κατ’
830 1202 962 1270 ἐμοῦ
1014 1204 1320 1271 λοιδορίαις
1368 1201 1460 1255 καὶ
1515 1203 1582 1255 τὰ
1636 1204 1923 1256 δεινότατα

159 1314 202 1346 10
225 1290 531 1362 προφέρειν
570 1290 715 1359 ἐμοί,
764 1291 830 1344 οὐ
879 1293 1052 1360 μόνον
1092 1291 1178 1344 ὅτι
1224 1292 1326 1345 οὐκ
1364 1289 1569 1362 ἔφερον
1607 1292 1781 1360 ἡσυχῆ
1821 1293 1924 1360 τὴν

227 1378 568 1451 ἀποκήρυξιν
614 1380 881 1445 δέξασθαι
929 1380 1213 1449 ἀγαπήσας
1267 1388 1378 1434 πᾶν
1425 1381 1454 1434 ὅ
1500 1400 1554 1434 τι
1605 1379 1731 1450 περὶ
1788 1379 1923 1449 ἐμοῦ

226 1469 380 1533 ἔδοξε
424 1475 500 1541 τῷ
551 1472 930 1538 γεγεννηκότι,
985 1466 1102 1522 ἀλλ’
1150 1470 1236 1523 ὅτι
1288 1468 1380 1522 καὶ
1434 1471 1511 1532 εἰς
1565 1470 1923 1538 δικαστήριον

227 1557 511 1626 ἀπήντησα
550 1557 642 1610 καὶ
682 1558 1091 1627 ἐπεκαλεσάμην
1128 1560 1260 1621 τοὺς
1298 1560 1504 1627 νόμους
1545 1556 1636 1610 καὶ
1675 1555 1922 1627 ᾑρετισά-

227 1667 337 1715 μην
375 1648 454 1709 εἰς
493 1647 681 1715 ἀγῶνα
721 1649 903 1715 λόγων
943 1647 1133 1700 ἐλθεῖν
1171 1653 1248 1718 τῷ
1285 1647 1463 1717 πατρί.
1503 1647 1552 1698 2.
1592 1645 1683 1699 καὶ
1723 1647 1827 1716 γὰρ
1868 1647 1922 1699 οἱ

162 1759 203 1791 15
229 1736 452 1805 χρηστοὶ
508 1735 736 1806 πατέρες
790 1737 1088 1804 βούλονται
1143 1746 1258 1799 τοῖς
1312 1745 1472 1804 σφῶν
1522 1733 1736 1797 τέκνοις
1787 1736 1925 1804 πρὸς

228 1824 431 1887 αὑτοὺς
470 1824 661 1877 ἄδειαν
701 1819 842 1877 εἶναι
882 1826 1159 1893 οὔμενουν
1199 1823 1317 1877 οὐδ’
1366 1824 1504 1892 ὅσην
1549 1825 1687 1893 πρὸς
1726 1825 1922 1876 δεσπό-

227 1932 323 1975 τας
361 1921 475 1975 τοῖς
515 1914 763 1982 δούλοις,
812 1919 962 1982 εἴπερ
1004 1913 1236 1976 ἐκείνοις
1274 1913 1399 1982 μέν,
1446 1922 1561 1976 τοῖς
1601 1912 1923 1982 ἀργυρωνή-

227 2020 344 2064 τοις
383 2001 548 2070 λέγῶ,
597 2002 732 2054 ὅταν
778 2003 832 2055 οἱ
879 2003 1064 2072 κύριοι
1110 2003 1182 2071 μὴ
1223 2001 1415 2072 μέτρια
1455 2003 1663 2070 δρῶσιν
1702 2001 1923 2068 αὐτούς,

229 2087 343 2143 ἔστι
381 2091 471 2142 καὶ
511 2092 672 2159 δίκην
712 2090 1115 2159 ἐπιβοήσασθαι
1162 2091 1253 2143 καὶ
1300 2099 1638 2160 καταφυγεῖν
1683 2090 1823 2158 πρὸς
1860 2090 1922 2142 τὸ

351 2252 394 2295 L
427 2273 482 2288 =
509 2250 662 2295 Codex
694 2250 935 2295 Leidensis
970 2250 1044 2295 Gr.
1078 2252 1126 2294 F.
1154 2256 1210 2295 49

359 2311 403 2355 V
425 2332 479 2346 =
505 2310 765 2354 Vaticanus
790 2325 857 2366 gr.
887 2315 971 2353 933
1005 2310 1084 2354 fol.
1112 2316 1195 2354 342
1225 2311 1296 2367 (II)

344 2383 406 2424 pr
424 2391 479 2406 =
506 2370 652 2413 editio
683 2369 902 2425 princeps
934 2369 1107 2412 Milleri
1141 2370 1196 2414 cf.
1230 2386 1274 2426 p.
1304 2374 1387 2412 115

351 2521 406 2560 14
442 2531 507 2572 sq.
543 2515 719 2560 Choria.
748 2516 870 2560 Mus,
904 2517 1049 2560 Rhen.
1076 2516 1221 2560 XLIX
1245 2522 1346 2573 488,
1366 2522 1418 2561 31
1439 2532 1504 2574 sq.

351 2669 373 2707 1
408 2664 696 2720 φιλαργύρου
729 2670 979 2715 νοσοῦντος
1004 2663 1028 2708 ὁ
1052 2671 1164 2715 παῖς
1195 2664 1366 2719 ηὔξατο
1390 2663 1616 2708 τάλαντον
1649 2665 1813 2707 δώσειν
1838 2661 1922 2706 ἐὰν

229 2719 372 2773 αὖθις
410 2724 517 2780 ὑγιῆ
551 2721 761 2780 ἀπολάβη
802 2723 883 2766 τὸν
922 2721 1120 2777 πατέρα·
1163 2723 1186 2766 ὁ
1221 2724 1271 2767 δὲ
1312 2724 1573 2780 ἀνενεγκὼν
1615 2721 1922 2778 ἀποκηρύττει

229 2779 311 2826 τὸν
343 2786 513 2826 παῖδα·
549 2781 572 2825 ὁ
606 2781 658 2825 δὲ
689 2788 800 2831 παῖς
833 2782 1152 2837 ἀπολογεῖται·
1189 2785 1441 2838 μελετῶμεν
1472 2782 1553 2826 τὸν
1586 2783 1737 2825 παῖδα
1771 2782 1814 2824 V

231 2845 284 2884 16
319 2842 488 2892 αὐτοὺς
513 2842 661 2896 LVpr
689 2841 694 2896 Ι
723 2853 904 2883 comma
935 2843 1043 2895 post
1071 2837 1193 2884 εἶναι
1217 2842 1366 2898 LVpr
1427 2840 1577 2885 delevi
1602 2855 1705 2883 cum
1731 2839 1921 2883 Kurtzio

234 2902 239 2955 Ι
275 2900 532 2956 οὐμενοῦνῗ
565 2899 710 2942 Kurtz
743 2899 799 2942 cf.
834 2898 931 2942 Lib.
958 2900 990 2942 13.
1017 2899 1059 2941 V
1085 2904 1184 2952 383,
1204 2905 1228 2943 6
