2014 3158
246 83 354 135 458
659 82 924 142 [LIBANII]
957 82 1346 127 DECLAMATIO
1379 83 1522 127 XLIII

245 227 359 271 τοῦ
406 219 651 286 πατρὸς
705 219 828 272 ὑπὸ
884 219 993 281 τὰς
1047 219 1297 287 δημίων
1350 227 1570 288 χεῖρας
1619 218 1935 287 ἀγέσθων.

245 315 407 360 τοῦτο
447 309 509 360 τὸ
550 308 770 376 γράμμα
809 308 870 360 τὸ
912 307 1016 360 σὸν
1054 305 1146 359 καὶ
1185 315 1281 376 τῆς
1311 315 1410 360 τοῦ
1443 306 1755 376 νομοθέτου
1796 309 1935 375 γνώ-

244 417 348 464 μης
385 393 638 465 ἔλυτρον,
679 396 708 450 6
750 396 811 449 δὲ
852 395 980 465 ἐμὸς
1018 399 1187 464 νόμος
1225 399 1283 448 τί
1310 410 1448 465 φησι
1481 397 1754 463 μάνθανε·
1795 407 1936 460 τοῖς

244 485 679 538 ἀπεκτονόσιν
725 486 932 552 ἄνδρα
978 485 1311 554 τύραννον
1358 485 1614 553 αἴτησις
1660 487 1818 538 ἔστω
1866 486 1934 539 τὸ

199 596 218 628 5
243 575 551 643 βούλημα.
589 575 714 627 τίνα
751 574 965 626 τούτων
1002 581 1223 639 κρατεῖν
1259 575 1627 642 δικαιότερον;
1665 575 1801 642 πρὸς
1840 583 1936 644 τῆς

241 664 418 731 Δίκης
463 663 646 731 αὐτῆς,
695 657 736 715 ὦ
778 663 998 731 ἄνδρες,
1047 661 1342 723 σκέψασθε.
1403 663 1490 715 41.
1532 663 1726 716 αὐτίκα
1766 663 1794 716 6
1832 661 1936 730 μὲν

243 750 369 819 ἐμὸς
407 753 575 820 νόμος
613 753 747 820 μετὰ
785 759 886 804 τοῦ
927 752 1146 804 δικαίου
1186 752 1330 804 πολύ
1369 771 1421 804 τι
1461 750 1552 804 καὶ
1594 759 1690 805 τοῦ
1733 751 1934 822 ξυμφέ-

241 860 436 909 ροντος
475 840 826 909 ἀποφέρεται,
865 842 931 893 τὰ
964 837 1024 893 δὲ
1056 840 1345 910 γράμματα
1379 847 1565 909 ταῦτα,
1605 841 1934 894 τούναντίον

241 930 410 997 ἅπαν,
457 929 714 982 ἀδικοῦσι
760 931 827 982 τὰ
865 931 1064 999 καίρια.
1121 929 1425 997 σκοπητέον
1476 931 1579 998 γὰρ
1621 932 1772 992 τίνος
1812 929 1934 982 ἀνέ-

175 1040 218 1072 ιο
240 1023 416 1070 καθεν
455 1026 569 1080 τοῖς
608 1037 665 1071 τε
711 1019 903 1087 νόμοις
949 1018 1039 1070 καὶ
1085 1025 1159 1089 τῷ
1205 1020 1508 1086 γεγραφότι
1554 1021 1685 1081 τοὺς
1730 1021 1934 1087 νόμους

239 1105 516 1175 ἐμέλησεν.
569 1106 669 1176 οὐχ
709 1107 802 1160 ἵνα
841 1108 907 1159 τὰ
946 1106 1048 1175 μὲν
1086 1114 1186 1159 τοῦ
1234 1107 1414 1175 δήμου
1462 1108 1713 1175 σώζοιτο,
1759 1108 1826 1160 τὰ
1873 1105 1933 1161 δὲ

239 1204 351 1247 τῶν
405 1196 835 1264 τυραννούντων
888 1197 1201 1264 βαλλόμενα
1253 1197 1528 1260 πίπτοιεν;
1589 1196 1676 1248 42.
1725 1197 1933 1249 οὐκοῦν

241 1283 269 1337 6
302 1284 402 1350 μὲν
433 1286 565 1347 τοὺς
594 1285 795 1347 παῖδας
827 1283 1073 1351 ἀναιρῶν
1105 1287 1274 1353 νόμος
1305 1280 1385 1337 ἐπ’
1425 1284 1608 1357 ἀδήλῳ
1641 1293 1736 1353 τῆς
1765 1287 1932 1354 τύχης

240 1373 475 1441 ὠφελεῖν
513 1393 566 1426 τι
605 1374 706 1442 τὴν
742 1375 908 1426 πόλιν
945 1371 1157 1441 ἔδοξεν,
1207 1373 1274 1426 οὐ
1322 1374 1425 1443 γὰρ
1473 1373 1541 1426 ἂν
1589 1374 1763 1437 εὐθὺς
1810 1374 1932 1428 ὅσοι

171 1484 213 1516 16
238 1463 530 1530 τυράννων
574 1463 767 1525 παῖδες
812 1463 903 1515 καὶ
947 1463 1214 1531 τύραννοι
1261 1464 1564 1531 γίγνοιντο,
1603 1462 1693 1516 καὶ
1739 1465 1800 1517 τὸ
1840 1465 1932 1518 δο-

237 1561 356 1603 κεῖν
395 1551 634 1620 ὠφελεῖν
674 1549 893 1617 ἐσάπαξ,
933 1551 999 1604 οὐ
1038 1551 1302 1613 πολλάκις
1344 1550 1781 1620 ἀπεκληρώσατο.
1827 1552 1931 1605 κᾶν

236 1641 308 1708 μὴ
357 1648 464 1693 νῦν
511 1639 540 1693 6
588 1643 718 1703 τοὺς
763 1641 965 1702 παῖδας
1012 1639 1257 1707 ἀναιρῶν
1311 1643 1479 1709 νόμος
1529 1636 1690 1703 οὗτος
1736 1642 1929 1711 φθάσῃ

237 1727 364 1798 παρ’
411 1729 568 1796 ὑμῶν
607 1728 1031 1796 ἀναιρούμενος,
1081 1728 1242 1796 ὁρᾶτε
1289 1730 1362 1797 μὴ
1409 1736 1509 1782 τοῦ
1557 1733 1756 1782 λοιποῦ
1796 1731 1929 1798 μετὰ

237 1827 349 1870 τῶν
386 1817 637 1886 πατέρων
675 1819 766 1870 καὶ
805 1821 936 1880 τοὺς
973 1819 1172 1880 παῖδας
1211 1817 1312 1886 οὐχ
1360 1817 1515 1881 ἕξετε.
1577 1819 1664 1870 43.
1703 1820 1784 1881 τίς
1824 1820 1927 1887 γὰρ

170 1929 214 1961 20
237 1905 308 1959 ἂν
362 1906 505 1959 οὕτω
562 1908 959 1975 φιλοκίνδυνος
1019 1907 1316 1975 ἄνθρωπος
1371 1902 1431 1959 εὖ
1485 1904 1626 1975 ἔχων
1679 1915 1783 1959 νοῦ
1838 1907 1927 1960 καὶ

238 2004 462 2064 φρενῶν
510 1996 582 2057 ὡς
627 1995 970 2063 τηλικούτοις
1016 1994 1117 2062 μὲν
1163 1993 1461 2061 ἐπιτολμᾶν
1507 1996 1786 2064 πράγμασι
1836 1994 1927 2048 καὶ

236 2084 345 2136 ὑπὸ
385 2083 521 2150 μέσα
560 2085 625 2136 τὰ
664 2094 776 2136 τῶν
816 2085 1151 2153 δορυφόρων
1199 2081 1475 2136 ὠθεῖσθαι
1523 2083 1652 2153 ξίφη
1700 2083 1789 2136 καὶ
1827 2086 1926 2137 τὸν

357 2205 382 2242 3
407 2199 525 2242 Plat.
541 2213 637 2255 rep.
656 2199 720 2242 IV
735 2215 780 2255 p.
799 2204 884 2243 588
899 2199 935 2243 E
1057 2204 1083 2243 8
1110 2200 1167 2243 of.
1185 2200 1253 2243 t.1
1270 2204 1407 2253 485‚5
1530 2204 1584 2242 20
1604 2214 1669 2254 sq.
1691 2200 1746 2243 cf.
1765 2215 1809 2255 p.
1825 2205 1925 2256 345,

239 2263 293 2302 15
415 2263 467 2301 21
504 2259 560 2302 cf.
594 2273 637 2314 p.
665 2263 766 2313 444,
787 2263 839 2302 18
964 2263 1018 2302 22
1054 2258 1185 2303 Chor.
1218 2261 1308 2315 tyr.
1341 2275 1386 2315 p.
1413 2263 1483 2313 62,
1503 2263 1557 2302 14

358 2367 381 2405 1
415 2360 631 2418 ἀγέσθων
659 2363 747 2406 Ma
779 2362 860 2404 sed
893 2379 919 2405 ν
953 2362 1046 2405 add
1077 2362 1148 2405 m²
1291 2368 1315 2405 2
1359 2362 1545 2419 γράμμα
1574 2363 1660 2406 Μα
1693 2363 1773 2406 sed
1805 2380 1926 2419 γραμ

235 2421 284 2464 in
309 2435 384 2464 ras
409 2420 551 2477 paulo
577 2421 753 2464 maiore
776 2420 846 2463 m²
873 2422 878 2478 Ι
908 2421 1170 2477 νομοθέτου
1195 2421 1359 2477 scripsi
1385 2436 1409 2464 e
1430 2422 1574 2466 Mac'l
1586 2422 1671 2465 Vat
1731 2421 1925 2478 λογοθέ-

234 2497 317 2524 του
345 2482 427 2525 Mo
459 2480 527 2523 Re
650 2486 673 2521 5
708 2487 895 2534 κρατεῖν
926 2480 1101 2523 inserui
1134 2494 1158 2524 e
1183 2481 1427 2525 MaOlVat
1487 2494 1562 2524 om
1589 2482 1672 2524 Mo
1704 2481 1770 2524 Re
1807 2483 1812 2535 Ι
1856 2483 1925 2525 δι-

235 2537 453 2593 καιότερα
479 2539 583 2583 coni
601 2538 804 2582 Sintenis
927 2543 952 2582 6
980 2538 1003 2582 6
1027 2539 1128 2597 μὲν]
1147 2540 1230 2595 μὲν
1256 2539 1279 2583 ὁ
1298 2540 1380 2595 μὲν
1398 2539 1545 2583 MaOl
1555 2540 1641 2583 Vat
1764 2545 1786 2582 7
1813 2554 1923 2596 συμ-

236 2596 461 2654 φέροντος
486 2599 574 2642 Μα
719 2602 773 2641 10
813 2605 910 2647 τοῖς
941 2598 1194 2654 γεγραφόσι
1228 2599 1314 2642 Vat
1458 2603 1510 2640 12
1550 2596 1742 2643 winton?
1783 2601 1833 2641 ab
1865 2598 1922 2642 cf.

235 2672 276 2712 p.
307 2661 405 2710 348,
424 2662 450 2699 4
469 2672 534 2712 sq.
565 2660 570 2714 Ι
599 2657 784 2712 signum
814 2657 1193 2714 interrogationis
1225 2657 1359 2714 posui
1428 2656 1562 2700 colon
1595 2658 1682 2701 Vat
1743 2670 1923 2700 comma

236 2716 468 2760 MaClMo
502 2717 567 2759 Re
692 2721 745 2758 14
785 2731 828 2758 τι
860 2730 935 2759 om
961 2717 1049 2759 Ma
1098 2720 1105 2772 Ι
1156 2715 1255 2760 ὅσοι
1295 2715 1460 2771 scripsi
1491 2730 1514 2759 ο
1542 2716 1783 2761 Maonat
1819 2730 1923 2759 cum

233 2775 443 2818 Iacobsio
478 2775 619 2818 Schul
693 2774 803 2819 ὅσον
829 2776 913 2818 Mo
938 2774 1005 2818 Re
1150 2779 1203 2818 18
1237 2776 1364 2830 ὑμῶν
1396 2775 1559 2830 scripsi
1592 2788 1616 2818 e
1643 2776 1788 2820 MaGl
1818 2789 1922 2818 cum

236 2833 416 2876 Sinteni
479 2834 607 2890 ἡμῶν
639 2834 814 2877 VatMo
846 2833 914 2876 Re
1058 2839 1112 2878 21
1143 2834 1356 2889 ἐπιτιμᾶν
1389 2835 1477 2877 Vat
1525 2836 1531 2889 Ι
1580 2834 1660 2876 καὶ
1690 2833 1865 2877 inserui
1897 2847 1921 2876 e

236 2893 469 2937 MaClMo
531 2907 607 2936 om
639 2894 727 2937 Vat
759 2892 824 2935 Re
1596 2892 1598 2894 ’
