2014 3158
301 133 439 177 FILII
474 132 835 177 INSIDIARUM
866 132 968 176 REI
1002 132 1227 177 MORTIS
1259 133 1497 178 ΡΕΤΙΤΙΟ
1652 133 1757 185 723

63 270 253 336 φύσιςς
307 269 377 337 ἣν
431 268 536 336 ἐγὼ
589 270 834 338 σαθράν,
889 270 962 331 ὡς
1008 269 1173 332 αὐτός
1226 283 1422 338 φησιν,
1477 268 1756 339 ἀπέφηνα;

61 358 228 410 πάλαι
267 366 437 410 ταῦτα
477 353 547 425 ἦν
589 367 817 424 κοσμεῖν
848 358 950 425 τὴν
982 359 1158 427 φύσιν
1189 356 1279 411 καὶ
1312 358 1452 411 θεὸν
1482 357 1573 411 καὶ
1606 364 1756 412 θεῶν

61 447 323 514 μεγίστην
362 446 685 513 ἀποκαλεῖν,
736 447 768 514 ἢ
810 447 900 498 καὶ
940 444 1011 498 δι’
1061 447 1245 499 αὐτῶν
1292 445 1606 514 ἀφικνεῖται
1646 456 1758 500 τῶν

61 534 303 603 ἑρπετῶν
357 537 459 603 τὴν
512 535 680 603 αὑτῆς
735 534 1153 603 ἐπιδεικνυμένη
1217 535 1431 605 ῥώμην,
1486 536 1519 604 ἢ
1573 537 1758 589 πείθει

60 622 294 693 πατέρας
332 624 434 690 μὲν
471 625 931 693 προκινδυνεύειν
972 625 1212 693 παίδων,
1252 633 1364 678 τῶν
1406 623 1658 693 πατέρων
1697 624 1759 678 δὲ

60 713 304 775 τούτους.
344 711 435 766 καὶ
473 712 800 779 παρατάξεις
838 711 929 765 καὶ
962 712 1135 781 μάχας
1166 711 1256 766 καὶ
1291 716 1504 782 φόνους
1533 714 1625 766 καὶ
1659 714 1758 766 τὸν

61 808 160 853 τοῦ
200 804 470 870 θνήσκειν
509 799 571 855 ἐν
609 811 724 864 τοῖς
772 802 962 864 ὅπλοις
1009 798 1184 870 ἔρωτα
1230 802 1327 869 ἥδε
1378 801 1528 855 ἐστὶν
1567 803 1599 870 ἡ
1638 821 1759 856 ποι-

62 897 216 942 οῦσα.
264 889 401 957 αὕτη
451 890 698 943 διδάσκει
745 892 875 952 τοὺς
928 887 1030 957 μὲν
1078 900 1188 944 τῶν
1240 878 1760 960 ψυχῶνδώνεῖσθαι

60 987 176 1040 τοῖς
215 977 468 1047 ἐγγόνοις
506 980 608 1047 τὴν
646 978 991 1049 ἐλευθερίαν,
1042 981 1173 1042 τοὺς
1212 977 1273 1032 δὲ
1313 979 1545 1043 ἐκείνοις
1585 979 1638 1044 ἐξ
1680 975 1759 1033 ὧν

62 1069 278 1134 ἔφυσαν
331 1067 503 1121 αὐτοί.
564 1068 652 1120 48.
691 1069 925 1130 τούτους
979 1067 1216 1130 ἀλύτους
1268 1068 1426 1139 μέχρι
1480 1077 1576 1138 τῆς
1631 1067 1759 1138 ἐμῆς

60 1157 260 1224 τόλμης
311 1155 575 1226 ἐτήρησεν
623 1156 652 1209 ὁ
703 1159 903 1226 χρόνος
956 1159 1086 1219 τοὺς
1138 1159 1367 1225 νόμους,
1423 1157 1542 1211 ἀλλ’
1596 1158 1760 1221 αὐτὸς

59 1245 335 1312 τοσαύτην
384 1246 570 1314 ἰσχύν,
618 1246 690 1308 ὡς
738 1246 904 1308 αὐτὸς
950 1247 1103 1313 βοῶν
1149 1244 1321 1314 λέγει,
1369 1244 1622 1315 ἐξήλεγξα
1668 1247 1758 1300 καὶ

62 1331 360 1402 διέφθειρα
414 1332 505 1386 καὶ
559 1335 903 1402 κατεπάτησα
956 1335 1054 1387 τὸν
1112 1336 1340 1401 θεσμόν.
1402 1333 1492 1388 καὶ
1547 1336 1635 1389 ὅτε
1689 1336 1759 1405 δὴ

60 1422 197 1490 πρὸς
235 1422 408 1475 αὐτὸν
447 1421 735 1491 ἐμνήσθην
786 1423 927 1476 οἴκοι
968 1431 1062 1491 τῆς
1103 1423 1344 1494 φύσεως,
1385 1425 1759 1492 διεφαύλισεν.

184 1633 205 1670 1
242 1627 299 1672 cf.
324 1643 367 1684 p.
387 1604 488 1683 691,
510 1633 563 1672 12
687 1633 712 1671 2
746 1627 802 1671 ef.
829 1630 862 1672 t.
881 1627 944 1670 VI
969 1633 1040 1682 27,
1061 1633 1084 1672 7
1112 1630 1158 1672 et
1183 1629 1242 1672 ad
1267 1630 1299 1672 ι.
1317 1628 1359 1671 V
1377 1632 1478 1683 518,
1495 1634 1521 1672 5
1547 1631 1594 1672 et
1618 1641 1760 1685 supra

61 1702 105 1742 p.
136 1691 324 1741 467,19.
373 1687 586 1742 Knauth,
626 1687 809 1731 Bl'atter
851 1687 927 1730 fiir
970 1687 1402 1744 Gymnasialwesen
1442 1692 1614 1743 47,107

62 1751 87 1788 6
121 1746 336 1790 Aeschin.
359 1746 472 1794 fals.
507 1746 597 1803 leg.
630 1751 654 1800 ξ
684 1751 766 1790 152
799 1762 842 1803 p.
870 1750 942 1800 48,
961 1751 1017 1790 30

184 1944 204 1981 1
240 1939 380 1994 φύσις
405 1940 494 1983 Ma
526 1939 606 1983 sed
639 1956 681 1990 ις
712 1953 767 1982 ex
799 1955 865 1990 εις
894 1953 995 1983 corr
1019 1939 1087 1982 m²
1210 1945 1234 1982 2
1267 1940 1419 1997 καὶ(2)
1445 1954 1520 1983 om
1546 1941 1638 1984 AB

63 2003 88 2040 3
122 1995 337 2053 μεγίστην
362 1999 451 2043 Μα
484 1998 566 2042 sed
596 2016 625 2055 η
658 2011 759 2042 corr
789 1998 859 2042 m²
920 1998 1145 2056 μεγίστων
1172 1999 1224 2044 (Il
1250 2001 1257 2055 Ι
1284 1999 1538 2043 ἀνακαλεῖν
1566 1999 1758 2044 AMaCl

63 2057 108 2099 B
157 2058 164 2112 Ι
213 2054 241 2112 ἢ
270 2058 388 2100 Mon
522 2063 550 2102 4
583 2058 726 2113 αὐτῆς
757 2057 867 2101 libri
898 2058 966 2101 Re
1018 2061 1023 2115 Ι
1075 2056 1103 2114 ἢ
1129 2059 1248 2102 Mon
1380 2062 1406 2101 5
1437 2056 1643 2113 πατέρας
1672 2058 1756 2114 μὲν

63 2115 229 2172 scripsi
260 2130 316 2160 ex
338 2116 580 2161 AMaCzB
641 2115 723 2173 μὲν
755 2115 959 2172 πατέρας
984 2118 1182 2162 Mo‘nVa
1214 2117 1281 2161 Re
1323 2119 1329 2173 Ι
1371 2117 1757 2173 προκινδυνεύειν

67 2176 153 2219 Μα
178 2175 259 2218 sed
291 2191 344 2230 ρο
378 2189 480 2218 corr
511 2175 580 2219 m²
640 2175 1032 2231 πρἀκινδυνεύειν
1059 2178 1113 2222 ΟΖ
1153 2179 1159 2233 Ι
1211 2189 1391 2220 comma
1421 2178 1530 2234 post
1560 2175 1611 2220 δὲ
1639 2178 1757 2221 Mon

63 2234 131 2277 Re
208 2233 359 2277 delevi
398 2249 504 2278 cum
542 2235 752 2279 Iacobsio
795 2235 938 2279 Schul
977 2238 1026 2280 et
1064 2235 1246 2280 Sinteni
1389 2242 1414 2279 6
1457 2235 1633 2280 τούτων
1667 2237 1712 2279 Α
1747 2237 1751 2293 Ι

0 2299 4 2312 '
63 2296 289 2348 punctum
322 2295 428 2350 post
458 2294 652 2345 τούτους
682 2295 818 2350 posui
851 2309 954 2339 eum
985 2295 1196 2339 Iacobsio
1230 2297 1277 2339 et
1309 2295 1490 2339 Sinteni
1552 2294 1685 2338 colon
1709 2296 1756 2339 B

124 2366 199 2395 om
229 2351 400 2408 reliqui
430 2352 540 2396 libri
571 2354 640 2398 Re
690 2358 696 2409 Ι
746 2355 825 2397 καὶ
864 2354 1149 2408 παρατάξεις
1187 2354 1351 2411 scripsi
1383 2368 1409 2398 e
1443 2354 1756 2399 VaAManB

122 2410 274 2464 τάξεις
307 2413 425 2457 Mon
463 2412 531 2456 Re
581 2415 587 2468 Ι
637 2427 819 2456 comma.
861 2415 969 2470 post
1007 2412 1185 2468 φόνους
1217 2415 1284 2468 Β,
1322 2415 1548 2469 punctum
1588 2412 1756 2469 reliqui

63 2469 172 2514 libri
203 2470 271 2514 Re
334 2470 483 2514 delevi
509 2485 614 2514 cum
645 2472 854 2516 Iacobsio
887 2475 934 2515 et
966 2472 1148 2516 Sinteni
1292 2477 1315 2514 7
1349 2472 1394 2530 ἡ]
1430 2489 1470 2526 ο,
1495 2472 1615 2516 Mon

65 2533 89 2572 9
134 2528 329 2580 ἐκείνοις
370 2530 534 2586 scripsi
565 2545 589 2573 e
623 2532 712 2576 Ma
752 2532 830 2575 sed
872 2534 959 2588 ι(2)
997 2545 1098 2575 corr
1128 2531 1210 2584 m2,
1251 2545 1356 2575 cum
1393 2530 1603 2574 Iacobsio
1645 2531 1756 2574 Lect

0 2605 2 2636 ξ
66 2588 206 2632 Schul
270 2587 475 2639 ἐκείνους
505 2589 674 2644 reliqui
706 2590 813 2634 libri
846 2591 914 2634 Re
1039 2595 1092 2634 10
1125 2592 1205 2634 καὶ
1238 2591 1347 2633 ante
1379 2590 1510 2634 αὐτοὶ
1544 2590 1593 2632 in
1624 2604 1757 2647 marg

0 2655 3 2696 ζ
65 2647 189 2692 inser
213 2647 282 2691 Α*
330 2652 335 2701 Ι
387 2648 519 2692 αὐτοὶ
554 2650 643 2692 Μιι
682 2650 763 2692 sed
802 2651 873 2693 τοὶ
914 2663 1015 2694 corr
1046 2649 1116 2693 m²
1165 2651 1170 2707 Ι
1221 2649 1438 2692 lacunam
1475 2650 1582 2705 post
1620 2646 1756 2693 αὐτοί

0 2731 3 2767 3
65 2707 233 2750 statuit
266 2707 469 2750 Sintenis
519 2710 526 2764 Ι
575 2708 781 2759 ἀλύπους
807 2710 895 2753 Μα
1040 2714 1092 2751 12
1128 2710 1249 2765 βοῶν
1282 2709 1350 2752 Va
1382 2708 1463 2751 sed
1504 2715 1567 2751 ὧν
1599 2707 1647 2750 in
1678 2721 1754 2752 ras

0 2792 2 2823 5
64 2765 133 2808 m²
256 2771 309 2809 13
344 2763 415 2810 ὅτε
448 2766 613 2823 scripsi
645 2781 669 2811 e
695 2769 934 2812 MaOlAB
997 2766 1067 2811 ὅτι
1093 2770 1211 2811 Mon
1223 2768 1290 2811 Va
1321 2766 1389 2810 Re
1451 2765 1488 2819 ὅ,
1522 2784 1565 2810 τι
1591 2766 1753 2810 Iacobs

66 2824 177 2868 Lect
299 2830 352 2868 14
386 2824 506 2869 οἴκοι
534 2826 699 2882 scripsi
725 2839 749 2870 e
776 2827 1089 2871 VaAMaozB
1114 2840 1217 2869 cum
1241 2825 1452 2869 Iacobsio
1482 2826 1589 2870 Lect
1613 2825 1754 2869 Schul

0 2878 2 2899 f
125 2882 252 2933 οἷ’κος
278 2885 394 2928 Mon
427 2884 492 2927 Re
570 2881 752 2937 elutos?
785 2885 990 2929 Sintenis
1044 2888 1050 2941 Ι
1105 2890 1228 2941 „post
1266 2885 1564 2940 διεφαύλισεν
1601 2899 1754 2940 pauca

0 2945 7 3011 Ι
65 2944 286 2998 quaedam
317 2944 668 2989 interciderunt“
703 2945 864 2988 Iacobs
898 2945 1009 2989 Lect

1307 3018 1395 3060 46*

1783 1090 1826 1122 1⁰
