2014 3158
184 1098 225 1129 10

186 1542 225 1574 15

250 141 358 193 542
681 140 948 199 [LIBANII]
980 140 1373 190 DECLAMATIO
1405 141 1528 185 XLV

247 275 384 342 τέρω
425 284 624 344 χωρεῖν
670 277 735 329 τὰ
784 278 1038 346 δυσχερῆ.
1100 276 1186 329 26.
1226 279 1412 345 φθόνε
1466 275 1556 329 καὶ
1605 278 1807 347 δαῖμον
1851 276 1941 331 καὶ

247 367 518 432 βασκανία
557 364 648 418 καὶ
690 366 824 434 τύχη
863 365 1098 434 πονηροί,
1138 367 1244 418 σὺν
1276 364 1395 435 ἐμοὶ
1428 366 1531 434 τὴν
1569 369 1735 420 πόλιν
1777 365 1945 419 ἐκλεί-

247 472 373 506 πετε
411 452 502 506 καὶ
543 455 729 522 δεινῆς
768 452 1132 507 ἀπαλλάττετε
1172 455 1273 522 τὴν
1314 453 1650 523 ἐνεγκοῦσαν
1690 455 1946 518 στάσεως.

248 543 383 595 κατὰ
422 540 785 614 μηδενὸςγὲτι
830 552 943 595 τῶν
989 547 1229 595 πολιτῶν
1267 544 1590 613 χορεύοντες
1637 543 1942 614 ἀρκέσθητε

249 641 314 701 τῇ
367 629 485 683 κατ’
514 629 674 700 ’ἐμοῦ
729 640 928 701 τρυφῇ.
986 632 1180 684 ἱκανὸν
1233 630 1394 685 τοῦθ’
1448 633 1583 700 ὑμῖν
1637 631 1765 685 καθ’
1823 630 1946 694 ἑνὸς

250 720 548 789 δημοτικοῦ
588 721 1035 773 νεανιεύσασθαι.
1093 721 1243 788 ἰδού,
1290 723 1568 789 προλείπω
1617 721 1718 789 τὴν
1763 722 1945 789 πόλιν,

251 809 399 876 ἰδού,
445 818 558 862 τῶν
605 818 810 862 κοινῶν
857 808 1280 876 ἀπαλλάττομαι.
1335 810 1526 878 μηδεὶς
1575 807 1654 862 ἔτι
1708 830 1802 878 μοι
1849 817 1946 878 τῆς

250 897 418 966 αὐτῆς
456 897 767 951 ἀπολαύσαι
805 899 989 967 τύχης,
1029 894 1070 951 ὦ
1112 903 1350 971 πατρῷοι
1389 900 1529 951 θεοί.

361 987 447 1039 27.
488 986 835 1056 Ἐβουλόμην
888 988 978 1040 καὶ
1032 997 1146 1050 τοῖς
1202 997 1527 1056 στρατηγοῖς
1580 989 1946 1056 διαλεχθῆναι

249 1074 340 1128 καὶ
382 1075 609 1145 ῥήτορσι
648 1074 738 1128 καὶ
778 1078 1071 1145 παρόντων
1108 1075 1267 1145 ὑμῶν
1306 1075 1465 1144 ὀλίγα
1510 1077 1634 1129 τινὰ
1672 1077 1810 1145 πρὸς
1849 1076 1945 1128 αὐ-

249 1167 380 1227 τοὺς
420 1164 845 1234 ἀποκρίνασθαι.
885 1165 1073 1234 μηδεὶς
1113 1166 1303 1227 ἄδικος
1341 1165 1500 1233 ὑμᾶς,
1541 1161 1583 1217 ὦ
1621 1165 1946 1233 σύμβουλοι,

249 1256 466 1306 κινείτω
522 1255 753 1322 φθόνος.
817 1252 1047 1316 ἑαυτοὺς
1108 1263 1221 1316 τοῖς
1279 1261 1376 1321 τῆς
1429 1255 1705 1316 πολιτείας
1758 1257 1948 1315 καλοῖς

252 1343 687 1409 συνδιανείματε.
736 1335 815 1405 εἷς
853 1342 988 1409 ὑμῖν
1029 1346 1185 1411 ζῆλος
1222 1339 1360 1395 ἔστω
1401 1341 1493 1395 καὶ
1531 1343 1709 1404 πόθος
1751 1342 1780 1410 ἡ
1820 1340 1945 1411 περὶ

250 1432 351 1499 τὴν
389 1432 554 1484 πόλιν
594 1430 834 1500 ὁμόνοια.
884 1433 934 1484 ει’
977 1432 1079 1498 τὴν
1131 1431 1266 1499 ἐμὴν
1305 1431 1478 1500 τύχην
1517 1430 1602 1484 ἀεὶ
1642 1431 1946 1499 λογίζεσθε,

251 1519 701 1589 λυσιτελέστερον
739 1516 842 1573 οἷδ’
892 1520 975 1572 ὅτι
1019 1521 1410 1587 βουλεύσεσθε.

362 1609 449 1662 28.
505 1612 574 1661 Τί
615 1604 744 1677 οὖν,
796 1606 837 1662 ὦ
885 1610 1084 1678 ἄνδρες
1138 1613 1381 1677 πολῖται,
1435 1610 1492 1662 τί
1541 1607 1784 1678 με’λλετε;
1839 1606 1945 1676 ἐγὼ

249 1694 350 1764 μὲν
390 1698 495 1766 γὰρ
537 1698 640 1767 ἤδη
680 1698 770 1751 καὶ
802 1706 918 1760 τοῖς
953 1700 1138 1767 φίλοις
1169 1696 1515 1766 ἀπεταξοὲμην
1545 1698 1636 1750 καὶ
1667 1705 1783 1760 τοῖς
1815 1711 1946 1764 συγ-

372 1804 424 1843 17
460 1799 517 1844 cf.
550 1801 583 1843 t.
609 1799 674 1843 VI
699 1803 887 1854 308‚13.
921 1799 1108 1843 Lobeck
1139 1799 1311 1855 Phryn.
1343 1814 1388 1855 p.
1416 1803 1472 1842 24

374 1894 426 1933 17
460 1886 781 1946 ἀπεταξοὲμην]
806 1887 1154 1944 ἀφωσιωσάμην
1179 1889 1259 1932 καὶ
1283 1887 1333 1931 τὸ
1360 1887 1484 1939 εἰκὸς
1508 1885 1748 1943 ἐπλήρωσα
1772 1888 1818 1931 Ρ
1845 1886 1948 1930 Mor

375 1983 397 2021 1
433 1974 468 2022 ὦ
502 1980 611 2021 ante
644 1975 799 2034 φθόνε
830 1976 1131 2021 inserendum
1162 1977 1268 2019 coni
1301 1975 1457 2020 Gasda
1491 1978 1496 2033 Ι
1532 1976 1613 2019 καὶ
1644 1975 1834 2032 δαῖμον]
1867 1975 1948 2018 καὶ

253 2038 332 2081 καὶ
364 2039 535 2094 δαῖμον
559 2038 605 2080 P
634 2037 895 2090 „interponi
925 2037 1058 2080 velim
1089 2035 1231 2079 nomem
1264 2036 1347 2090 Re,
1381 2035 1456 2078 cui
1496 2034 1741 2079 oblocubus
1773 2037 1845 2079 esi:
1875 2034 1948 2077 Ia-

254 2096 439 2140 eobsius
462 2096 604 2140 Anth.
629 2095 725 2138 Pal.
751 2093 816 2137 III
841 2099 924 2138 401
989 2094 1282 2151 κακόδαιμον
1307 2094 1453 2138 Cobet
1485 2093 1586 2139 Coll
1610 2098 1695 2138 295
1758 2108 1871 2136 num
1895 2095 1948 2136 ut

253 2156 409 2212 glossa
427 2155 657 2199 delenda?
677 2155 726 2197 ab
743 2153 854 2210 cf.p.
867 2158 967 2209 588,
979 2158 1004 2196 3
1016 2158 1064 2198 et
1074 2158 1174 2208 543,
1186 2154 1236 2228 21
1255 2155 1335 2198 καὶ
1351 2154 1464 2211 τύχη
1480 2153 1665 2211 πονηρὰ
1681 2154 1759 2197 καὶ
1774 2154 1948 2210 βασκα-

254 2214 334 2259 νία
361 2216 450 2258 Μα
572 2219 596 2257 2
629 2213 739 2270 ἡμῖν
766 2213 1054 2258 AthManB
1082 2214 1088 2269 Ι
1117 2213 1344 2257 ἐκλειπετε
1370 2213 1459 2257 Μα
1492 2212 1573 2257 sed
1603 2228 1653 2256 τε
1684 2226 1709 2256 e
1740 2229 1816 2255 ται
1849 2225 1949 2256 corr

254 2274 325 2317 m²
393 2271 597 2318 ἐκλίπετε
622 2274 667 2316 Β
803 2277 830 2314 4
869 2272 1139 2330 χορεύοντες
1177 2272 1225 2315 in
1266 2272 1340 2316 lac
1373 2276 1517 2315 9—10
1548 2271 1630 2314 litt
1667 2285 1743 2314 om
1768 2272 1813 2314 Β

256 2339 282 2377 5
316 2333 425 2377 ἔστω
457 2332 531 2377 vel
563 2331 633 2387 εἴη
666 2332 773 2387 post
806 2329 974 2376 ἱκανὸν
1006 2331 1305 2375 inserendum
1338 2332 1441 2375 coni
1474 2330 1631 2374 Gasda
1669 2332 1675 2387 Ι
1725 2330 1833 2386 ἡμῖν
1859 2329 1948 2373 Μα

259 2392 310 2437 C'l
453 2396 478 2436 8
511 2390 773 2435 ἀπολαύσαι
813 2390 978 2447 scripsi
1011 2404 1116 2434 cum
1149 2389 1305 2434 Gasda
1381 2390 1621 2448 ἀπολαύσῃ
1652 2390 1757 2433 ΜΒ
1833 2389 1947 2432 ἀπο·

255 2451 413 2495 λαύσει
438 2450 708 2495 PMaUlVa
739 2451 786 2493 et
816 2467 870 2505 γρ
902 2450 951 2493 in
984 2463 1117 2506 marg
1141 2449 1242 2493 Mor
1301 2449 1560 2493 ἀπολαύσω
1583 2449 1676 2493 Ath
1708 2448 1799 2492 edd
1827 2450 1832 2504 Ι
1859 2463 1948 2491 πα-

254 2517 394 2564 τρῶοι
434 2510 504 2554 Va
650 2513 704 2552 10
748 2508 878 2564 ἡμῶν
909 2510 1004 2553 Ath
1053 2512 1058 2564 Ι
1107 2508 1213 2552 τινὰ
1259 2522 1334 2551 om
1366 2510 1412 2552 Β
1558 2512 1611 2551 12
1658 2506 1852 2556 ἑαυτοὺς
1891 2532 1948 2538 -

259 2574 311 2612 13
357 2565 730 2625 συνδιανείματε]
775 2567 959 2618 ἑαυτοῖς
999 2574 1079 2624 τῆς
1116 2566 1352 2618 πολιτείας
1388 2567 1441 2611 τὸ
1482 2573 1631 2623 σχῆμα
1672 2568 1829 2619 σώζετε
1855 2566 1949 2610 Ath

317 2627 511 2680 ἑαυτοὺς
551 2633 632 2683 τῆς
672 2625 907 2676 πολιτείας
947 2629 1151 2683 θεσμοῖςΥ
1183 2628 1505 2670 καταδουλοῦν
1538 2625 1684 2670 MaGl
1768 2625 1949 2675 ἑαυτοῖς

256 2694 336 2743 τῆς
372 2684 606 2737 πολιτείας
639 2686 707 2729 Va
779 2686 898 2728 κατὰ
939 2691 1021 2740 τῆς
1058 2685 1292 2736 πολιτείας
1317 2687 1379 2729 Μ
1448 2685 1500 2729 ἔα
1535 2681 1579 2727 τί
1618 2690 1702 2740 τῆς
1733 2683 1948 2733 ἱκετεύεις

257 2747 303 2789 Β
353 2747 358 2803 Ι
409 2762 463 2802 γρ
498 2745 682 2794 ἑαυτοῖς
718 2744 768 2787 in
806 2758 940 2800 marg
978 2745 1080 2787 Mor
1129 2748 1134 2799 1
1185 2746 1343 2794 καλοῖς
1381 2743 1546 2799 scripsi
1587 2746 1774 2787 auctore
1805 2743 1873 2785 Re

257 2807 406 2854 καλῶς
430 2806 475 2848 Ρ
504 2805 594 2847 edd
671 2817 747 2847 om
784 2803 955 2857 reliqui
989 2803 1100 2846 libri
1245 2808 1298 2846 13
1340 2799 1693 2858 συνδιανείματε
1726 2802 1826 2845 Mor
1866 2800 1948 2844 sed

256 2881 311 2919 γρ
346 2862 487 2907 εἴκετε
518 2863 567 2906 in
599 2877 732 2919 marg
759 2865 764 2916 Ι
794 2857 859 2913 εἷς
891 2876 962 2904 om
989 2862 1236 2906 PMAthB
1249 2863 1316 2906 Va
1347 2862 1456 2905 Ferr
1586 2866 1641 2904 14
1673 2859 1733 2905 ἂν
1765 2861 1875 2903 ante
1907 2859 1949 2902 εἰ

256 2922 302 2964 Β
345 2927 350 2977 1
392 2939 447 2977 γρ
471 2921 631 2979 ’ψυχὴν
662 2921 712 2964 in
743 2935 877 2977 marg
899 2920 1002 2963 Mor
1043 2926 1049 2977 1
1091 2919 1334 2976 λογίζησθε
1359 2922 1406 2964 Β
1527 2924 1581 2962 16
1613 2917 1798 2963 πολῖται
1822 2920 1868 2963 B
1879 2920 1947 2963 Va

256 2980 367 3023 Ferr
396 2980 498 3024 Mor
525 2984 530 3036 Ι
558 2980 601 3023 τί
632 2994 707 3023 om
735 2980 833 3025 GlB
955 2984 1008 3022 17
1039 2981 1207 3035 τοῖς(2)
1241 2993 1315 3022 om
1340 2979 1481 3023 AthB
