2044 3168
193 106 316 160 5164
793 101 1084 148 GREGORII
1114 101 1316 147 CYPRH

191 244 285 312 ,νμὴ
340 244 539 295 νόσον
593 241 708 309 τὴν
761 239 1219 308 κατασχοῦσάν
1277 259 1373 308 με,
1436 238 1596 293 ἀλλὰ
1659 241 1898 310 λῃστὰς

196 331 725 401 7ἐνεδρεύσαντας
757 325 944 382 εἶναι.
978 327 1118 381 ἐπεὶ
1142 326 1189 380 δ’
1224 327 1471 381 ἐκεῖνοι
1504 327 1897 399 συνέλαβον,

207 417 312 472 ἐπὶ
357 420 653 473 θάνατον
699 414 884 486 ἦγον,
925 418 979 470 εἰ
1020 418 1099 486 μὴ
1140 420 1505 486 βουλοίμην
1546 417 1749 480 εὐθὺς
1789 433 1899 470 συ-

206 510 366 578 χνὸν
404 506 894 575 καταβαλέσθαι
933 508 1224 576 χρυσίον.
1279 506 1396 559 οὐκ
1434 502 1512 574 ἦν
1550 507 1789 559 τούτου
1829 526 1899 574 γε

163 621 184 654 5
208 595 405 667 χωρὶς
443 597 552 660 τὰς
591 605 773 665 σφῶν
805 596 1156 664 διαδρᾶναι
1189 605 1435 663 χεῖρας,
1469 595 1543 647 οὐ
1578 596 1899 664 δακρύον-

207 706 305 755 τα,
368 686 483 739 οὐκ
551 685 985 754 ὀδυρόμενον,
1048 683 1122 737 οὐ
1187 687 1719 753 παρακαλοῦντα,
1782 685 1900 737 οὐκ

209 778 365 829 ἄλλο
413 794 473 827 τι
520 772 816 827 ἐλεεινὸν
870 771 1401 841 ἐνδεικνύμενον.
1455 767 1593 825 εἶτα
1648 775 1758 841 ζῆν
1804 774 1901 825 αἱ-

210 866 530 935 ρούμενος
585 862 996 931 ἀποθέμενος
1050 860 1332 924 ἐκείνοις
1385 863 1730 931 πρόθυμος
1785 863 1902 915 ὅσα

210 947 415 1023 εἶχον,
461 961 826 1022 περινοστῶ
869 954 1013 1018 ζῶν,
1061 951 1260 1003 ὤνιον
1298 960 1423 1003 τῶν
1469 950 1753 1019 ἐμαυτοῦ
1800 971 1902 1019 γε-

143 1066 188 1099 10
212 1044 430 1111 γονώς.
469 1042 669 1094 καλὸν
699 1043 893 1094 τοῦτό
933 1059 1002 1108 γε
1042 1038 1411 1109 ἐμπόρευμα
1444 1041 1677 1092 δοῦναι
1709 1041 1903 1110 μικρὰ

210 1131 317 1186 καὶ
379 1133 694 1201 κερδῆσαι
758 1131 829 1183 τὰ
890 1132 1105 1196 μείζω,
1167 1136 1327 1198 χοῦν
1389 1129 1576 1198 ῥίψαι
1644 1130 1750 1182 καὶ
1812 1132 1904 1192 είς

214 1220 450 1275 ἑαυτὸν
490 1219 931 1286 ἐπαναγαγεῖν
962 1218 1079 1285 τὴν
1109 1219 1335 1286 ψυχήν.
1374 1216 1406 1285 ἢ
1440 1218 1558 1286 γὰρ
1592 1217 1668 1270 οὐ
1702 1221 1906 1287 φλυα-

216 1313 321 1381 ρία
373 1310 578 1378 σαφὴς
617 1306 723 1360 καὶ
771 1307 1014 1376 χρυσὸς
1058 1304 1163 1359 καὶ
1211 1307 1496 1375 ἄργυρος
1541 1308 1648 1359 καὶ
1698 1306 1907 1360 πάντα

215 1402 504 1470 χρήματα
534 1398 694 1466 πρὸς
726 1393 1083 1465 ἀνθρώπου
1118 1396 1281 1463 ζωὴν
1313 1393 1632 1461 ἑξετάσαι;
1682 1396 1768 1449 45.
1801 1397 1905 1450 καὶ

145 1510 193 1544 15
219 1489 342 1557 μὴν
390 1487 463 1540 οὐ
511 1483 690 1539 πάντ’
738 1488 970 1554 ἔχομεν
1010 1485 1234 1547 δόντες
1273 1482 1341 1536 ἐν
1386 1490 1468 1556 τῷ
1508 1486 1759 1557 μεγάλω
1799 1492 1906 1558 τῷ·

206 1578 285 1630 δε
323 1576 626 1647 κινδύνῳ.
678 1572 773 1627 ἔτι
811 1575 884 1626 τὰ
923 1575 1119 1626 πλείω
1159 1571 1299 1643 παρ’
1346 1573 1500 1642 ἡμῖν
1539 1573 1772 1642 εὕροις.
1813 1576 1906 1626 ἔτι

207 1667 457 1737 ,χρυσὸς
495 1662 690 1717 ἔνδον
736 1664 964 1730 πολύς,
1012 1663 1294 1731 ἄργυρος
1341 1662 1408 1715 δὲ
1447 1664 1702 1715 πλείων.
1760 1667 1908 1731 χαλ-

209 1755 334 1808 ,κὸν
373 1754 442 1806 δὲ
480 1753 585 1806 καὶ
627 1753 902 1821 σίδηρον
940 1754 1037 1813 τίς
1069 1749 1520 1820 ἐξαριθμήσει;
1560 1753 1731 1818 βοῶν
1765 1751 1907 1819 ἀγέ-

221 1849 348 1911 λαι,
403 1843 614 1895 ἵππων
669 1840 919 1908 ἀγέλαι,
973 1839 1248 1906 ποίμνια
1301 1859 1363 1892 τε
1417 1839 1523 1892 καὶ
1569 1840 1907 1909 θρέμματα

146 1932 373 2001 εοὴμῖν
428 1933 588 1984 ἄλλα
648 1928 776 1982 κατ’
836 1926 1032 1981 οὐδὲν
1091 1938 1218 1981 τῶν
1271 1927 1605 1998 προτέρων
1654 1927 1908 1982 ἐλάττω.

221 2022 380 2074 ὅσον
421 2018 469 2071 δ’
518 2017 579 2082 ἐξ
619 2019 796 2087 ἡμῶν
835 2016 1133 2085 ἀπῆλθεν
1173 2019 1265 2079 εἰς
1311 2020 1461 2079 τοὺς
1503 2020 1909 2086 κρείττονας,

219 2109 416 2177 μικρά
453 2128 550 2170 τις
588 2115 701 2160 τοῦ
741 2107 1245 2176 περιττεύοντος
1286 2105 1635 2174 ἀφαίρεσις
1673 2103 1763 2174 ἦν.
1804 2105 1908 2159 καὶ

222 2198 337 2251 οὐκ
377 2197 706 2266 ὀδυνηρὸν
745 2197 937 2265 τοῦτό
978 2214 1070 2263 γε,
1110 2195 1207 2248 ὅτι
1249 2197 1328 2264 μὴ
1367 2193 1473 2248 καὶ
1519 2199 1767 2262 μᾶλλον
1805 2215 1877 2262 με

223 2286 423 2355 γάλης
454 2286 806 2353 παραίτιον
838 2284 1254 2353 εὐφροσύνης
1279 2284 1358 2346 ὡς
1390 2293 1516 2336 τῶν
1546 2284 1910 2336 καλλίστων

154 2396 199 2431 25
226 2373 353 2428 ἀντ’
403 2374 604 2426 αὐτοῦ
643 2372 1270 2440 προσγεγενημένων
1319 2373 1487 2441 ἡμῖν.
1541 2370 1644 2424 καὶ
1698 2373 1909 2440 ὥσπερ

225 2469 287 2517 εἴ
319 2482 400 2534 τω
441 2460 586 2531 περὶ
634 2462 1021 2530 ὀφθαλμοὺς
1067 2462 1533 2514 κινδυνεύοντι
1580 2462 1687 2513 καί
1732 2480 1911 2523 τινος

227 2551 801 2619 συμβουλεύοντος
841 2549 1206 2618 ἀφελέσθαι
1247 2559 1371 2602 τῶν
1410 2551 1622 2616 ἄκρων
1673 2558 1913 2618 τριχῶν

227 2638 333 2692 καὶ
381 2637 760 2708 ἀφελομένῳ
809 2657 877 2704 γε
924 2637 956 2705 ἡ
1005 2638 1201 2705 ῥῶσις
1248 2641 1617 2705 συνείπετο,
1673 2637 1789 2689 οὐκ
1836 2637 1914 2690 ἂν

350 2864 374 2902 5
401 2857 654 2913 διαδράναι
679 2858 777 2901 LV
892 2861 945 2900 12
971 2852 998 2912 ἦ
1026 2858 1068 2899 Γ
1186 2861 1238 2899 16
1266 2854 1397 2915 (Bw)
1424 2854 1603 2910 εῦροιςῗ
1726 2860 1780 2899 20
1805 2871 1913 2899 κατ-

229 2918 370 2963 ουδὲν
395 2919 438 2962 L
560 2922 611 2959 21
647 2914 879 2971 κρείττους
913 2917 955 2958 V
