2044 3168
87 113 384 160 PAUPERIS
415 113 534 159 PRO
566 114 792 159 PATRIA
823 113 978 159 MORI
1009 113 1325 159 GUPIENTIS
1358 114 1584 160 ORATIO
1677 115 1784 168 201

86 249 396 319 μισθωθεὶς
436 250 600 312 αὐτὸς
640 247 756 303 ἀντ’
805 249 1021 304 ἐκείνου
1070 256 1143 323 τῷ
1187 250 1594 323 μισθωσαμένςο
1634 250 1786 320 γεγέ-

87 360 245 409 νηται
284 340 558 402 πολλάκις.
598 341 680 402 τίς
720 334 887 407 οὖνὴ
920 338 1109 409 τέρψις
1147 339 1417 407 τρέμοντα
1459 342 1575 409 ζῆν;
1616 341 1783 394 πλού-

87 443 203 492 σιος
244 426 304 482 δὲ
353 426 414 482 ἐν
462 429 802 498 δημοκρατίᾳ
848 430 988 498 μόνῃ
1038 426 1252 500 δύναιτ’
1301 428 1372 481 ἂν
1419 429 1785 496 εὐδαιμονεῖν.

88 516 273 581 οὐδεὶς
321 519 424 587 γὰρ
473 517 645 571 αὐτὸν
693 516 1007 587 ἀφαιρεῖται
1055 517 1115 570 τὸ
1172 501 1409 587 τρυφᾶν.
1465 519 1537 587 μὴ
1592 519 1788 571 τοίνυν

87 605 204 661 ἀντ’
269 607 570 677 ἀσφαλείας
631 605 892 675 ἐπιθύμει
952 606 1236 659 κινδύνων
1297 602 1423 675 μηδ’
1493 606 1786 674 ἀγανάκτει
1834 628 1854 662 5

87 695 529 765 πολιτευομένων
574 698 839 764 πενήτων.
901 698 1127 757 πολλοῖς
1165 696 1270 765 γὰρ
1320 697 1377 748 αἱ
1431 705 1646 764 γνῶμαι
1692 704 1787 765 τῆς

88 786 252 854 τύχης
290 786 580 853 βελτίονες.
622 783 823 853 ἀνέχου
859 785 1055 837 τοίνυν
1087 785 1177 837 καὶ
1208 785 1788 855 παρευδοκιμούμενος

6 907 10 910 »
87 874 179 927 καὶ
224 875 297 943 μὴ
352 875 443 927 διὰ
489 875 591 942 τὴν
636 873 774 943 πρὸς
825 873 925 925 τὸν
980 873 1136 925 δεῖνα
1191 876 1541 942 φιλονεικίαν
1595 876 1790 941 λιμοὺς

88 962 319 1034 ἐργάζου
374 961 464 1016 καὶ
519 967 818 1032 τηλικαῦτα
879 963 1016 1015 κακὰ
1069 961 1212 1030 μηδέ
1262 961 1310 1031 γ’
1373 961 1666 1034 ἐπιτρέψῃς
1718 970 1792 1036 τῷ

86 1058 251 1125 θυμςιῖ
303 1059 531 1105 τοιαῦτα
579 1053 797 1120 αἰτῆσαι
833 1049 838 1122 Ι
874 1046 1054 1104 πάλιν.
1111 1052 1300 1105 δεινὸν
1348 1053 1450 1119 γὰρ
1493 1051 1605 1105 ἐπι-
1651 1057 1772 1102 RIV
1790 1061 1876 1101 240

90 1141 409 1195 σπάσασθαι
442 1141 538 1194 τὸν
563 1139 622 1194 ἐκ
656 1145 830 1210 λιμῶν
863 1140 1114 1194 θάνατον
1149 1142 1494 1210 δημηγορίαν
1518 1141 1784 1210 πονηράν.
1814 1164 1854 1196 11

201 1230 286 1283 37.
320 1229 459 1298 Ἐγὼ
498 1227 600 1299 μὲν
640 1226 743 1283 οὗν
782 1231 972 1299 ἄπειμι
1010 1230 1308 1283 κάλλιστον
1342 1227 1485 1299 ἔχων
1519 1229 1784 1300 ἐντάφιον

87 1321 148 1373 τὸ
187 1321 586 1389 προκεκρίσθαι
625 1327 721 1387 τῆς
753 1317 814 1372 ἐν
854 1322 994 1390 λιμῷ
1034 1318 1460 1389 προτεινομένης
1492 1320 1786 1389 εὐετηρίας.

86 1410 259 1463 ταῦτά
298 1409 407 1462 πού
447 1428 530 1471 τις
568 1408 659 1461 καὶ
707 1407 998 1479 ἐπιγράφει
1038 1429 1132 1477 μοι
1178 1407 1423 1481 κειμένῳ.
1479 1411 1610 1472 τοὺς
1648 1410 1788 1471 υἱεῖς

89 1496 150 1552 δὲ
189 1498 342 1568 ὑμῖν,
385 1495 426 1552 ὦ
466 1501 661 1567 βουλή,
700 1501 832 1561 τοὺς
871 1497 1110 1568 ἐμαυτοῦ
1152 1500 1661 1568 παρακατατίθεμαι
1702 1518 1788 1567 με-
1813 1519 1854 1553 15

88 1590 403 1658 μαθηκότας
441 1589 748 1657 θαυμάζειν
779 1588 914 1656 ἅπερ
952 1587 1056 1656 ἐγὼ
1089 1586 1180 1641 καὶ
1214 1588 1406 1656 δέομαι
1438 1586 1530 1641 καὶ
1565 1588 1787 1641 ἱκετεύω

88 1677 160 1746 μὴ
199 1678 473 1745 περιιδεῖν
503 1677 612 1731 ὑπὸ
645 1684 741 1745 τῆς
771 1677 975 1731 τούτου
1008 1679 1330 1744 περιουσίας
1367 1677 1786 1746 ἐλαυνομένους.

91 1770 220 1828 ἴσως
259 1767 363 1835 γὰρ
405 1766 474 1819 ἂν
513 1765 572 1819 ἐκ
612 1767 832 1819 παίδων
871 1765 1162 1819 ἀντίπαλοι
1209 1765 1461 1834 γένοιντο
1508 1775 1623 1829 τοῖς
1661 1767 1788 1819 τού«

88 1872 187 1907 του
227 1855 418 1908 παισὶν
459 1853 846 1923 ἀντεξάγοντες
886 1855 976 1908 καὶ
1025 1852 1182 1918 αὐτοὶ
1230 1856 1450 1928 πλούτῳ
1497 1853 1587 1908 καὶ
1627 1855 1786 1926 ὕβρει

89 1942 350 2020 πατρῴαν
388 1944 527 2013 πρὸς
564 1945 662 1997 τὸν
703 1945 881 2012 δῆμον
921 1945 1162 1997 εὔνοιαν.
1812 1965 1856 1997 20

211 2109 264 2149 12
297 2104 354 2150 cs.
388 2106 420 2149 t.
445 2105 488 2149 11
514 2110 680 2161 111‚6;
718 2104 781 2148 VI
806 2109 950 2160 337‚9
1077 2109 1130 2148 16
1162 2104 1282 2148 Plat.
1318 2104 1440 2162 apol.
1473 2120 1516 2161 p.
1544 2104 1652 2148 340

211 2258 232 2296 1
268 2249 448 2297 ἐκείνου
482 2253 646 2308 scripsi
680 2266 704 2297 c
739 2254 782 2297 V
808 2252 890 2297 sed
922 2269 978 2297 ου
1010 2252 1059 2296 in
1083 2266 1159 2296 ras
1183 2252 1266 2308 ω’,
1300 2253 1473 2305 Macar,
1505 2253 1559 2297 ul:
1591 2252 1695 2297 coni
1720 2253 1788 2297 Rc

149 2311 339 2356 ἐκείνων
371 2313 597 2358 CrHBM
606 2313 672 2356 Va
704 2312 795 2356 edd
845 2312 851 2370 Ι
902 2310 1143 2369 γεγένηται
1175 2327 1251 2357 om
1285 2313 1328 2357 V
1398 2310 1576 2369 γίνεται
1601 2313 1645 2356 Β

91 2375 116 2414 5
149 2368 252 2427 μήτ’
282 2371 391 2416 libri
423 2372 515 2415 edd
637 2377 662 2415 6
695 2373 879 2422 πολλοῖς
906 2398 958 2403 —-
987 2377 1010 2414 7
1037 2370 1266 2430 βελτίονες
1298 2372 1358 2415 ad
1389 2385 1574 2415 versum
1607 2385 1788 2416 comoe-

90 2430 195 2473 diae
228 2431 414 2475 Atticae
445 2438 625 2488 γνῶμαι
665 2431 716 2475 δὲ
755 2433 940 2482 πολλοῖς
980 2438 1059 2488 τῆς
1098 2431 1238 2488 τύχης
1279 2429 1507 2489 βελτίονες
1537 2431 1790 2475 revocabat

91 2489 298 2533 Kockius
330 2489 453 2534 Com.
487 2491 584 2534 Att.
618 2490 672 2534 fr.
699 2490 763 2533 ΠΙ
793 2505 837 2546 p.
865 2494 949 2533 502
982 2505 1025 2534 n.
1053 2494 1139 2534 509
1270 2496 1296 2534 8
1328 2490 1387 2547 νὴ
1422 2490 1514 2534 Διὰ
1546 2490 1647 2534 Mor

92 2553 116 2591 9
141 2548 203 2605 μὴ
228 2549 279 2592 δὲ
298 2550 396 2593 ΗΒ
409 2550 475 2593 Va
503 2551 510 2601 Ι
538 2566 588 2606 γε
606 2551 662 2594 H
670 2551 752 2594 VB
763 2550 833 2593 Va
860 2551 866 2605 Ι
895 2548 1173 2606 ἐπιστρέψης
1190 2550 1260 2594 Va
1384 2556 1434 2594 11
1461 2552 1604 2607 λιμῶν
1623 2549 1787 2607 scripsi

148 2610 299 2651 λίθων
330 2608 440 2652 libri
473 2609 563 2652 edd
590 2611 596 2666 Ι
625 2605 916 2665 ,,δημηγορία
947 2613 1131 2664 πονηρᾶ
1163 2611 1348 2654 ‘'aalma“
1376 2609 1442 2652 Re
1567 2614 1619 2652 12
1653 2608 1786 2654 ἐντά-

91 2683 204 2722 φιον
233 2666 351 2725 ἔχων
378 2668 420 2710 Β
545 2673 598 2711 14
630 2667 748 2724 τάχα
783 2669 866 2711 VB
878 2653 946 2711 Va
973 2670 979 2723 Ι
1009 2655 1116 2712 ποῦ’
1133 2669 1201 2713 Va
1229 2671 1235 2725 Ι
1262 2666 1332 2720 τίς
1356 2669 1466 2712 ΒΜ
1493 2668 1595 2713 Mor
1622 2671 1628 2724 Ι
1651 2668 1788 2719 ,υἱοὺς

92 2726 154 2768 B·
260 2731 312 2770 15
347 2727 455 2782 ὑμῖν
488 2740 563 2770 om
590 2727 756 2773 CrHV
873 2730 926 2770 18
964 2727 1240 2772 ociaevol'ante
1273 2726 1522 2772 ἀντίπαλοι
1554 2727 1645 2771 edd
1707 2727 1786 2770 de-

87 2783 179 2829 levi
206 2786 212 2840 1
239 2785 407 2829 τούτου
433 2786 599 2842 scripsi
623 2800 648 2830 c
668 2787 788 2832 GrH
794 2787 836 2830 V
889 2787 1027 2830 τοῦδε
1050 2787 1157 2830 ΒΜ
1168 2787 1237 2830 Va
1262 2787 1354 2830 edd
1476 2791 1531 2830 20
1563 2787 1786 2841 πατρώαν

88 2844 326 2900 (πατρῶαν
350 2845 423 2901 H’)
449 2845 546 2889 ΗΒ
557 2845 628 2890 Va

759 2980 1113 2988 —-————

1949 765 1974 774 a
