2014 3158
373 117 782 162 PHILADELPHI
812 116 1240 163 ABDICATIONIS
1271 117 1510 163 ΡΕΤΙΤΙΟ
1693 118 1799 171 617

108 265 277 310 τικῶν
330 254 554 325 μελέτης
607 254 709 308 οὐκ
763 253 1028 324 ἠμέλουν,
1081 260 1310 308 πενθῶν
1364 254 1450 324 δέ,
1498 252 1539 309 ὦ
1588 257 1801 326 ἄνδρες,

110 344 394 400 διετέλουν
440 345 530 398 καὶ
577 346 706 407 τοὺς
745 344 1038 413 ἡλικιώτας
1078 342 1140 396 ἐν
1185 353 1301 407 τοῖς
1347 346 1675 414 γυμνασίοις
1720 348 1802 400 ocl-

109 437 471 506 σχυνόμενος,
519 436 576 486 οἳ
618 440 714 502 τῆς
761 440 1051 503 συμφορᾶς
1097 434 1194 486 τὸν
1234 433 1481 503 ἀδελφὸν
1521 433 1803 499 ἐλεοῦντες

108 525 210 578 οὐκ
234 521 387 578 ἔστιν
419 523 507 576 ὅτε
540 523 607 576 οὐ
640 524 991 591 καθήπτοντό
1015 542 1123 591 μου
1155 524 1565 592 περιιστάμενοι
1596 525 1802 598 κύκλῳ·

108 615 185 666 σὺ
234 613 301 666 δὲ
349 609 503 666 οὐδὲ
559 612 782 665 εἰσιὼν
837 612 1060 664 οἴκαδε
1113 610 1219 664 καὶ
1276 615 1801 682 συνεστιώμενος
1848 636 1867 668 5

106 709 188 775 τῷ
220 700 413 772 πατρὶ
453 701 556 755 καὶ
591 701 790 769 λόγου
821 689 1334 770 μεταλαμβάνων
1366 702 1483 756 οὐκ
1515 700 1801 766 ἔπαυσας

105 786 223 861 τὴν
262 792 486 860 ὀργήν;
526 791 640 843 οὐκ
683 788 1010 860 ἐπράϋνας
1049 791 1162 844 τὸν
1194 793 1434 859 θυμόν;
1475 791 1591 845 οὐκ
1631 791 1801 845 ἀνεῖ-Υ

106 885 209 944 λες
240 882 349 944 τὰς
379 880 688 944 ὑποψίας;
722 880 837 949 οὐχ
871 878 1232 945 ἱκέτευσας;
1265 881 1382 934 οὐκ
1415 880 1800 950 ἑδάκρυσας;

107 970 222 1041 ὅρα
260 970 339 1038 μὴ
380 969 571 1040 δόξῃς
611 968 913 1022 ἐπαινειν
945 970 1018 1022 τὰ
1050 970 1470 1039 πεπραγμένα
1501 971 1613 1023 τὸν
1651 975 1800 1040 κλῆ-

106 1080 221 1130 ρον
266 1059 387 1128 πρὸ
435 1067 544 1128 τῆς
592 1059 849 1128 φύσεως
897 1060 1092 1128 άγων,
1147 1062 1395 1126 μᾶλλον
1451 1056 1518 1112 δε
1573 1062 1692 1129 ἤδη
1739 1081 1867 1115 τιιο

103 1149 209 1202 καὶ
250 1146 882 1219 συνεξεργάσασθαι.
948 1148 1030 1201 12.
1071 1151 1249 1202 καίτοι
1289 1147 1578 1219 μέμνησαι,
1620 1147 1661 1203 ὦ
1701 1150 1802 1203 πά-

102 1257 213 1307 τερ,
253 1237 441 1300 ὁσάκις
482 1252 570 1291 σοι
609 1238 747 1307 πρὸς
794 1238 859 1291 τὰ
911 1238 1116 1306 γόνατα
1154 1239 1394 1292 πεσόντα
1439 1258 1505 1306 με
1550 1237 1642 1292 καὶ
1683 1240 1800 1292 δεό-

102 1347 271 1395 μενον
319 1325 472 1397 λῆξαι
526 1335 622 1396 τῆς
661 1327 826 1397 ὀργῆς
866 1326 1191 1397 ἀπεκρούσω
1232 1326 1322 1381 καὶ
1371 1328 1802 1398 ἀπειλησάμενος

102 1415 389 1485 ἐκβάλλειν
427 1418 555 1479 τοὺς
595 1416 807 1479 οἰκέτας
844 1415 1144 1480 ἐκέλευσας.
1185 1419 1236 1471 οῑ
1270 1419 1373 1486 γὰρ
1409 1418 1800 1487 διαβάλλοντες

104 1505 157 1571 ἐξ
212 1507 397 1560 αὐτῶν
449 1515 561 1558 τῶν
609 1505 967 1576 ἀτυχημάτων
1002 1506 1008 1576 Ι
1043 1506 1322 1575 τάδελφοῦ
1368 1508 1616 1561 πιθανώ-
1666 1511 1885 1557 RIV691

100 1614 250 1666 τεροι
289 1595 379 1648 καὶ
419 1595 484 1647 τὰ
521 1595 776 1663 μηδαμοῦ
817 1594 1085 1665 λεχθέντα
1123 1597 1450 1660 πλάττοντες
1482 1594 1686 1667 ἔφερον
1717 1598 1795 1660 εἰς
1819 1619 1860 1651 16

105 1678 216 1738 ὦτα
254 1684 432 1755 τούτῳ
471 1691 805 1753 καταστῆναι
844 1685 946 1754 τὴν
985 1686 1169 1755 ψυχὴν
1208 1685 1308 1739 οὐκ
1349 1683 1558 1749 ἐῶντες.
1603 1688 1660 1739 τί
1695 1682 1799 1740 οὖν

7 1825 11 1828 ,
102 1769 171 1842 ἦν
220 1776 440 1838 λοιπόν;
495 1771 686 1841 ἀλγεῖν
731 1770 832 1843 μὲν
877 1784 992 1838 τοῖς
1031 1773 1457 1845 πεπραγμένοις,
1508 1774 1800 1845 ἡσυχάζειν

103 1861 165 1916 δὲ
204 1861 438 1932 ἀνάγκη,
485 1867 675 1916 καλεῖν
723 1860 784 1916 δὲ
830 1866 959 1927 τοὺς
998 1866 1169 1927 θεοὺς
1207 1863 1549 1928 διαλλακτάς.
1617 1865 1696 1918 13.
1738 1863 1799 1918 ἐν

102 1953 278 2023 τούτῳ
327 1949 387 2005 δὲ
433 1951 590 2021 ἡμῶν
636 1953 815 2005 ὄντων
862 1952 1179 2022 ἀγγέλλεται
1233 1955 1511 2023 πολεμίων
1565 1957 1796 2024 εἰσβολή.
1822 1976 1865 2008 20

102 2041 190 2094 καὶ
239 2042 296 2095 οἱ
339 2042 503 2109 δῆμοι
552 2042 913 2111 διηρπάζοντο
961 2041 1052 2096 καὶ
1099 2044 1161 2097 τὸ
1210 2044 1400 2096 δεινὸν
1446 2041 1676 2115 προσῄει
1722 2052 1796 2116 τῷ

101 2132 264 2200 τείχει
318 2130 409 2183 καὶ
463 2130 667 2198 δρόμος
720 2129 810 2184 καὶ
851 2134 1025 2202 φόβος
1072 2133 1163 2186 καὶ
1202 2134 1407 2203 ταραχὴ
1452 2133 1632 2186 πάντα
1673 2152 1799 2186 κατ-

102 2228 263 2289 εῖχεν,
288 2219 639 2288 ἁρπάσαντας
665 2216 724 2272 δὲ
755 2221 822 2274 τὰ
855 2221 995 2275 ὅπλα
1026 2220 1184 2276 θέειν
1215 2219 1327 2275 ἔδει
1360 2220 1451 2275 καὶ
1482 2222 1548 2275 τὰ
1577 2223 1799 2301 σώματα

11 2364 15 2371 ,
100 2305 238 2378 ὑπὲρ
279 2315 375 2377 τῆς
412 2308 676 2377 πατρίδος
714 2309 1005 2380 εἰσφέρειν.
1050 2311 1131 2363 14.
1173 2309 1279 2379 ἐγὼ
1318 2308 1420 2378 μὲν
1459 2307 1562 2364 οὖν
1600 2312 1700 2379 τήν
1740 2331 1797 2365 τε

5 2470 8 2475 ,
102 2407 212 2450 τῶν
251 2406 572 2466 στρατηγῶν
618 2395 920 2468 ἐπιστήμην
966 2400 1056 2453 καὶ
1103 2401 1199 2463 τὰς
1245 2401 1433 2462 κοινὰς
1479 2401 1798 2469 προθυμίας
1820 2420 1862 2453 25

103 2485 193 2540 καὶ
231 2487 338 2553 πρὸ
377 2485 591 2538 τούτων
630 2506 691 2554 γε
726 2489 827 2557 τὴν
865 2496 977 2557 τῆς
1001 2489 1178 2559 Τύχης
1210 2489 1388 2559 ῥοπὴν
1427 2498 1538 2542 τῶν
1576 2508 1633 2541 τε
1666 2489 1797 2558 ἡμῖν

102 2574 465 2663 ὑπαρξάντων
511 2573 744 2643 ἀγαθῶν
790 2575 880 2630 καὶ
927 2586 1021 2647 τῆς
1067 2588 1179 2632 τῶν
1227 2577 1495 2632 ἐναντίων
1542 2578 1796 2646 αἰτιῶμαι

225 2683 247 2721 1
273 2681 446 2722 παθῶν
474 2678 517 2723 L
576 2678 751 2721 παθὼν
783 2678 894 2722 Fen·
1014 2685 1039 2723 2
1073 2677 1273 2736 γυμνασί
1297 2681 1391 2723 Ath
1519 2683 1547 2720 4
1577 2678 1795 2733 προιστά-

104 2751 234 2792 μενοι
250 2738 344 2781 Ath
467 2744 492 2781 5
511 2735 620 2779 οὐδὲ
640 2747 714 2780 om
732 2738 825 2781 Ath
946 2743 971 2781 9
990 2740 1200 2783 ἐπαινεῖν
1216 2738 1274 2782 τὰ
1289 2736 1592 2793 πεπραγμένα
1610 2751 1684 2780 om
1702 2739 1795 2782 Ath

225 2799 279 2839 10
305 2795 499 2854 ἅγων]”
469 2811 600 2851 αγειν
625 2794 713 2849 ὅρα
729 2795 789 2852 μὴ
807 2794 946 2867 δόξης
963 2797 1173 2843 ἐπαινεῖν
1189 2797 1246 2841 τὰ
1263 2795 1565 2853 πεπραγμένα
1582 2797 1676 2840 Ath

106 2859 157 2898 11
186 2854 612 2911 συνεξεργάσασθαι
628 2856 674 2899 Ρ
695 2855 776 2899 sed
794 2869 878 2900 συν
902 2857 952 2900 in
968 2871 1043 2900 ras
1059 2856 1130 2900 m’
1252 2861 1305 2899 16
1331 2857 1546 2912 μηδαμοῦ
1571 2854 1795 2912 λεχθέντα

103 2912 289 2970 reposui
322 2927 346 2956 e
377 2914 510 2958 libris
582 2912 808 2971 λεχθέντα
836 2917 1052 2972 μηδαμοῦ
1084 2915 1176 2959 edd
1225 2915 1232 2973 1
1280 2914 1561 2968 πράττοντες
1582 2915 1677 2959 Ath
1737 2921 1740 2923 ’

105 2977 159 3015 21
192 2971 359 3031 προῄει
381 2975 476 3018 Ath
596 2977 652 3017 26
686 2979 768 3030 τῆς
798 2987 874 3018 om
898 2975 991 3019 Ath
1017 2977 1025 3032 Ι
1052 2973 1162 3031 ἡμῖν
1194 2973 1360 3030 scripsi
1420 2974 1530 3031 ὑμῖν
1561 2972 1671 3018 libri
1703 2973 1794 3017 edd
