2014 3158
358 90 766 153 PmLADELPHI
797 102 1222 152 ABch‘rIoms
1253 103 1492 151 ΡΕΤΙΤΙΟ
1674 103 1780 158 637

90 252 222 314 φῆς,
269 245 533 307 παιδείας.
589 242 886 313 ἀμείβομαί
936 257 996 296 σε
1043 249 1117 314 τῷ
1173 251 1376 311 φυγεῖν
1430 246 1532 312 τὴν
1586 244 1782 296 οἰκίαν.

12 393 15 395 μ
90 328 215 387 οἶδα
254 327 336 396 οἷς
375 336 599 403 χαίρεις,
639 329 681 386 ὦ
713 311 897 401 πάτερ.
939 329 1192 395 ἐδίδαξας
1229 351 1296 400 με
1327 341 1392 403 τῇ
1424 330 1619 404 πρῴην
1650 331 1781 385 ἀπο-

88 421 308 493 κηρύξει
347 423 450 491 τὴν
486 429 597 476 νῦν
631 421 949 490 ἀπολογίαν.
990 419 1143 474 ταῦτ’
1181 417 1285 474 οὖν
1316 422 1448 474 αῑτῶ
1488 423 1577 474 καὶ
1609 420 1783 474 ταῦθ’

87 512 325 581 ἡγοῦμαι
371 512 546 579 καλὴν
589 509 681 564 καὶ
726 508 1122 580 προσήκουσαν
1165 530 1259 579 μοι
1310 508 1538 579 δωρεάν.
1594 511 1782 564 δεινὸν

88 601 150 654 δὲ
188 597 355 654 οὐδὲν
392 601 466 668 μή
506 613 567 653 σε
607 601 867 669 λαβόντες
906 602 1110 669 ἔρημον
1150 601 1203 653 οἱ
1236 597 1582 668 συκοφάνται
1619 620 1779 653 κατα-
1827 620 1846 652 5

34 735 37 738 ,
85 689 276 743 θέωσι.
326 698 421 759 τῆς
460 686 562 759 μὲν
599 691 704 759 γὰρ
746 691 923 752 οἰκίας
971 687 1265 759 ἀφέξομαι,
1313 697 1407 759 τῆς
1454 686 1515 742 δὲ
1562 690 1780 753 εὐνοίας

0 822 3 825 .
85 778 187 832 οὐκ
227 778 631 848 ἀποστήσομαι,
680 778 866 847 ἐπειδὴ
915 777 1007 832 καὶ
1054 786 1226 831 ταῦτα
1273 776 1362 831 ἀπ’
1418 778 1638 842 εὐνοίας
1685 787 1780 848 τῆς

0 884 9 890 ”
82 869 220 939 πρὸς
258 865 318 922 σὲ
358 871 549 937 λαβεῖν
588 866 735 932 ἀξιῶ.
1475 876 1478 878 ’

196 972 280 1025 70.
302 970 461 1036 ’Όψει
516 972 608 1026 καὶ
661 980 862 1026 τοῦτον
915 974 1014 1026 τὸν
1067 973 1315 1041 πονηρὸν
1361 972 1607 1042 ἀδελφὸν
1645 951 1780 1039 μετ’

4 1036 6 1041 ¹
83 1059 216 1130 ἐμοῦ
264 1070 360 1131 τῆς
407 1070 505 1131 σῆς
552 1062 854 1132 ἀσφαλείας
901 1061 1366 1132 προβεβλημένον.
1421 1065 1778 1132 τεκμαίρομαι
1803 1083 1845 1115 10

82 1150 144 1203 δὲ
181 1158 255 1223 τῷ
296 1152 429 1220 μετὰ
468 1150 570 1220 τὴν
609 1150 948 1221 ἀποκήρυξιν
986 1153 1191 1223 χρόνῳ,
1231 1152 1273 1224 ᾧ
1314 1152 1559 1223 τοσούτῳ
1600 1153 1775 1215 πιεζό-

79 1259 244 1307 μενος
283 1241 450 1294 οὐδὲν
490 1240 724 1311 ἀνιαρὸν
764 1243 842 1304 εἰς
880 1242 978 1294 τὸν
1015 1240 1221 1310 πατέρα
1262 1240 1586 1309 ἐφθέγξατο,
1638 1240 1776 1294 ἀλλὰ

82 1329 317 1382 διατελεῖ
355 1332 450 1393 τὰς
485 1333 491 1399 Ι
527 1332 704 1393 αἰτίας
750 1331 1042 1400 δεχόμενος
1092 1329 1182 1383 καὶ
1222 1334 1433 1399 μᾶλλον
1473 1329 1594 1384 ἑαυ-
1642 1334 1864 1378 RIV706

78 1419 178 1471 τὸν
217 1429 584 1488 συκοφαντῶν
622 1418 710 1473 καὶ
753 1422 1075 1489 κατηγόρων
1105 1421 1465 1489 μεμφόμενος.
1504 1420 1772 1487 θαυμάζει

80 1504 141 1560 δὲ
180 1509 279 1562 τὸν
323 1508 531 1578 πατέρα
577 1508 667 1562 καὶ
715 1518 827 1563 τῶν
872 1511 1268 1578 προσηκόντων
1317 1509 1419 1562 οὐκ
1471 1509 1774 1577 ἀποστερεῖ,
1801 1531 1841 1562 15

77 1598 181 1666 τὴν
227 1596 276 1650 δ’
332 1596 531 1651 ἑαυτοῦ
585 1599 757 1668 τύχην
809 1601 1013 1663 κακίζει
1069 1596 1161 1651 καὶ
1217 1599 1443 1652 σπεύδει
1498 1599 1775 1666 γενναίοις

3 1692 5 1706 ²
76 1683 261 1756 ἔργοις
299 1686 517 1740 ἀνελεῖν
554 1689 657 1758 τὴν
695 1687 932 1757 ἀτιμίαν.
997 1687 1080 1740 71.
1122 1685 1229 1755 ἐγώ
1277 1704 1367 1741 σοι
1412 1695 1614 1740 τοῦτον
1662 1687 1774 1740 ἐπι-

6 1813 11 1816 -
79 1774 238 1839 δείξω
278 1777 619 1846 στρατιώτην
658 1776 877 1845 ἀγαθὸν
923 1776 1126 1846 ταχέως
1171 1777 1261 1830 καὶ
1308 1779 1561 1847 κληθήσῃ
1611 1778 1774 1829 δυοῖν

78 1863 358 1933 ἀριστέοιν
403 1868 595 1936 πατήρ.
649 1865 846 1920 πολλοὶ
892 1867 1155 1929 πολλάκις
1202 1864 1261 1919 ἐκ
1309 1868 1566 1935 νεότητος
1611 1866 1772 1919 ὑπαι-

76 1956 199 2006 τιόυ
245 1955 383 2023 πρὸς
428 1956 531 2024 τὴν
574 1958 967 2026 προσήκουσαν
1023 1955 1280 2024 ἐκβάντες
1332 1955 1552 2024 ἡλικίαν
1604 1954 1770 2007 ἐθαυ-
1797 1976 1839 2008 20

74 2042 373 2112 μάσθησαν
412 2045 490 2107 εἰς
530 2044 723 2114 ἀρετὰς
760 2045 851 2098 καὶ
890 2045 1143 2113 καθάπερ
1194 2043 1254 2098 ἐν
1294 2045 1527 2114 δράματι
1569 2044 1771 2112 σκευὴν

75 2135 472 2199 μεταβαλόντες
509 2135 641 2196 τοὺς
675 2136 913 2204 τρόπους
944 2135 998 2188 oz
1029 2135 1130 2202 μὲν
1163 2133 1221 2187 ἐκ
1254 2133 1771 2204 δειλῶνέφάνησαν

4 2235 6 2287 j
78 2219 340 2290 ἀνδρεῖοι,
380 2222 430 2275 οῖ
472 2222 534 2275 δὲ
573 2221 626 2286 ἐξ
663 2222 984 2277 ἀκολάστων
1016 2224 1321 2292 σώφρονες,
1361 2223 1415 2276 οὶ
1449 2222 1510 2276 δὲ
1542 2222 1599 2275 ἐκ
1630 2228 1768 2288 θρα-

4 2301 12 2320 Γ
77 2308 219 2362 σέων
258 2309 534 2379 ἐπιεικεῖς,
582 2312 633 2364 oz
675 2308 736 2364 δὲ
776 2311 834 2365 ἐκ
874 2312 1147 2384 ῥᾳθύμων
1187 2313 1468 2382 φιλεργοί,
1520 2312 1571 2364 οἱ
1612 2307 1674 2363 δὲ
1715 2308 1766 2373 ἐξ

196 2520 218 2558 1
264 2514 443 2560 οἰκείαν
475 2516 568 2559 Ath
710 2521 735 2559 2
779 2515 960 2576 χαίροις
990 2518 1085 2562 LP
1129 2519 1136 2574 Ι
1186 2524 1239 2575 τῇ
1279 2515 1441 2575 πρῴην
1484 2515 1768 2571 ἀποκηρύξει

74 2574 158 2631 τὴν
187 2582 273 2619 νῦν
305 2572 564 2631 ἀπολογίαν
596 2575 761 2632 scripsi
793 2579 981 2621 auctore
1013 2577 1079 2620 Re
1143 2577 1227 2633 τὴν
1259 2577 1445 2632 πρώτην
1477 2573 1765 2629 ἀποκήρυξιν

74 2639 129 2690 τῇ
168 2640 255 2678 νῦν
294 2633 522 2695 ἀπολογίᾳ
561 2634 671 2678 libri
703 2635 792 2680 edd
934 2640 959 2679 6
1000 2635 1254 2691 ἀφέξονται
1286 2637 1396 2679 Mos
1532 2638 1555 2676 7
1589 2633 1765 2676 ταύτὰῗ

79 2693 82 2749 2
119 2690 192 2736 ἐπ’
223 2693 315 2738 Ath
471 2698 524 2736 12
565 2694 753 2738 vocibus
796 2695 935 2740 οὐδὲν
975 2695 1215 2753 ἀ[νιαρὸν]
1256 2694 1336 2737 dee
1374 2694 1466 2737 Ath
1523 2694 1529 2751 Ι
1587 2693 1653 2743 εἰς
1694 2692 1764 2735 in-

74 2751 197 2794 serui
229 2765 254 2795 ο
295 2751 428 2796 libris
512 2767 588 2797 om
630 2753 720 2797 edd
873 2759 926 2797 13
971 2753 1139 2798 ἑαυτὸν
1174 2752 1202 2809 ἢ
1244 2760 1336 2797 τῶν
1379 2769 1484 2796 τινα
1527 2765 1763 2807 συκοφαν-

74 2817 166 2853 τῶν
206 2811 310 2854 coni
348 2811 416 2854 Re
502 2810 669 2855 ἑαυτοῦ
708 2810 735 2867 ἢ
778 2821 1084 2869 συκοφαντῶν
1126 2812 1288 2856 Iacobs
1329 2811 1441 2855 Lect
1587 2815 1638 2854 15
1682 2810 1763 2855 τὸν

75 2869 167 2971 Ldlg
307 2875 360 2913 16
405 2871 455 2913 δὲ
495 2871 639 2914 αὑτοῦ
664 2872 757 2915 LP
895 2877 951 2915 22
995 2874 1159 2916 δειλῶν
1199 2871 1364 2926 scripsi
1440 2868 1614 2919 δειλίας
1652 2869 1760 2915 libri

76 2941 101 2971 e
