2014 3158
143 128 146 130 ’
219 155 326 215 626
627 156 857 205 LIBANn
887 156 1281 205 DECLAMATIO
1313 159 1501 206 vam

218 297 601 351 ἀπολώλεκε.
666 298 860 366 δίκην
921 295 1207 350 δέδωκεν
1269 290 1356 349 ὧν
1418 297 1533 350 οὐκ
1587 296 1913 366 ἠδίκηκεν.

219 386 552 455 ὀξύθυμός
607 385 787 439 ἐστιν
834 386 863 440 ὁ
911 387 1134 454 πατήρ.
1190 385 1690 455 ἀναμαρτήτους
1742 385 1915 451 ἀξιοῖ

217 477 369 538 τοὺς
407 476 575 538 υἱεῖς
607 468 804 540 εἶναι,
843 482 1103 544 πρᾶγμα
1134 473 1484 544 ἀμήχανον.
1524 476 1629 529 καὶ
1660 476 1912 545 κραυγὴ

217 563 322 617 καὶ
369 566 661 634 θόρυβος
711 563 1092 617 ἐπεσκότισε
1139 572 1277 626 τοῖς
1324 565 1624 627 δικαίοις.
1678 566 1914 617 δυστυ-

174 654 329 723 5χὴς
390 653 507 723 μὲν
569 653 598 707 ὁ
661 654 1035 722 νεανίσκος,
1105 654 1393 723 πονηρὸς
1463 653 1531 706 δὲ
1592 654 1914 723 οὐδαμῶς,

219 742 360 805 ὅλως
386 744 433 796 εἰ
465 743 603 813 πρὸς
634 742 940 812 ἀπολογίαν
971 739 1179 796 ἔτεινεν
1209 743 1242 811 ἡ
1274 741 1531 813 παροῦσά
1554 763 1649 819 μοι
1683 743 1914 812 σπουδή,
2002 790 2008 797 ,

218 832 308 884 καὶ
347 833 468 885 τότε
505 833 567 885 τὸ
606 842 936 901 κατηγορεῖν
983 832 1085 884 οὐκ
1125 831 1194 885 ἂν
1244 827 1314 899 ἧν
1363 829 1462 895 ἔξω
1501 839 1718 902 καιροῦ·
1767 832 1814 885 εἰ
1855 828 1916 885 δὲ

219 921 315 982 τὰς
353 917 454 989 μὲν
492 921 669 984 αἰτίας
710 921 778 974 ἐῶ
819 919 1024 990 μένειν,
1063 921 1125 973 τὸ
1160 922 1221 974 δὲ
1251 919 1363 990 μετ’
1405 920 1621 975 ἐκείνου
1654 919 1916 991 πράττειν

218 1018 398 1073 κακῶς
451 1010 614 1078 ἥδιον
667 1014 892 1078 τίθεμαι
945 1018 1045 1063 τοῦ
1101 1011 1173 1080 μὴ
1226 1012 1396 1078 μόνος
1450 1010 1753 1064 ἀπολαύειν
1805 1018 1917 1063 τῶν

154 1123 196 1155 ιο
222 1098 477 1167 ἀγαθῶν,
524 1101 607 1163 τίς
655 1102 733 1153 ἔτι
781 1101 936 1170 χρεία
974 1107 1086 1153 τῶν
1128 1100 1503 1170 ἐγκλημάτωνς
1567 1100 1653 1153 39.
1693 1096 1917 1166 ἔδειξας,

221 1183 262 1240 ὦ
301 1188 496 1258 πάτερ,
543 1189 645 1257 τὴν
690 1190 978 1259 πονηρίαν.
1025 1186 1246 1252 ἔπεισας
1293 1190 1469 1259 δῆμον
1510 1189 1918 1258 φιλάνθρωπον

131 1283 252 1328 R-IV
270 1286 355 1326 698
402 1277 660 1347 ἀτιμάσαι
715 1279 814 1331 τὸν
858 1277 1065 1332 ’Έλεον.
1122 1279 1222 1348 οὐχ
1277 1278 1452 1342 οὕτως
1485 1276 1492 1350 Ι
1528 1277 1633 1348 ἐγὼ
1688 1277 1919 1347 ἀνόητος

223 1368 296 1430 ὡς
351 1366 658 1435 ἀπολογίαν
711 1365 790 1421 ἔτι
848 1370 1024 1437 ζητεῖν
1077 1376 1172 1437 τῆς
1225 1368 1494 1436 τοσαύτης
1547 1367 1746 1438 ἀρτίως
1794 1386 1919 1420 κατ-

223 1455 581 1525 εγνωσμένης.
621 1457 677 1509 τί
706 1457 809 1526 γὰρ
850 1455 951 1510 οὐκ
983 1453 1141 1510 εἶπον
1174 1450 1254 1510 ὧν
1285 1455 1441 1526 ἐνῆν;
1482 1457 1583 1527 οὐχ
1618 1457 1690 1520 ὡς
1727 1456 1760 1525 ἡ
1800 1458 1919 1510 νεό-

158 1568 198 1602 15
222 1565 321 1614 της
367 1545 569 1616 ῥᾷστον
616 1545 937 1614 ὑπαχθῆναι
984 1544 1075 1598 καὶ
1124 1545 1385 1616 ἁμαρτεῖν
1430 1547 1563 1609 τοὺς
1607 1552 1683 1618 τῷ
1739 1547 1918 1617 χρόνῳ

222 1636 294 1703 μὴ
341 1633 656 1703 κτωμένους
701 1636 804 1703 τὴν
852 1635 1103 1705 σύνεσιν,
1152 1635 1253 1705 οὐχ
1301 1635 1375 1698 ὡς
1420 1635 1482 1688 τὸ
1529 1635 1702 1704 μηδὲν
1747 1639 1920 1703 πλημ·

223 1727 411 1794 μελεῖν
451 1722 511 1777 ἐν
550 1734 667 1786 τοῖς
704 1729 862 1787 θεοῖς
902 1724 1156 1794 ὥρισται;
1197 1725 1298 1778 οὐκ
1339 1720 1498 1778 εἶπον
1537 1723 1570 1779 ἃ
1602 1720 1728 1793 παρ’
1765 1722 1923 1791 ὑμῶν

225 1812 429 1882 ἀκήκοα
467 1811 755 1882 πολλάκις,
804 1814 887 1867 ὅτι
936 1821 1036 1867 τοῦ
1082 1816 1258 1883 νόμου
1308 1815 1484 1883 φόβος
1536 1811 1650 1866 ἐστὶ
1689 1813 1751 1865 τὸ
1791 1812 1922 1880 βού-

227 1906 368 1971 λημα
407 1902 497 1955 καὶ
535 1905 666 1965 τοὺς
705 1901 868 1965 νέους
902 1901 1212 1956 δεδοικέναι
1242 1899 1345 1970 μὲν
1376 1902 1519 1967 ἀξιοῖ
1555 1903 1658 1971 τὴν
1689 1901 1922 1971 ἐκβολὴν

159 2014 202 2046 20
226 1989 314 2043 ἐπὶ
347 1997 421 2062 τῷ
456 2000 790 2060 σωφρονεῖν,
829 1990 1243 2045 ἀπελαύνεσθαι
1276 1988 1337 2044 δὲ
1370 1991 1473 2044 οὐκ
1504 1992 1619 2044 ἔστι
1650 1990 1741 2043 καὶ
1772 2008 1921 2060 περι-

225 2087 446 2132 νοστεῖν
486 2079 710 2143 ἀοίκους
743 2080 912 2150 οὔσης
945 2081 1119 2143 οἰκίας
1158 2078 1244 2151 ἐφ’
1284 2078 1631 2149 ἁμαρτήμασι
1664 2079 1922 2149 φαύλοις;

229 2170 275 2221 εἰ
331 2168 433 2238 γάρ
491 2169 558 2236 δὴ
614 2168 846 2237 μεγάλα,
907 2172 966 2221 τί
1016 2169 1119 2222 οὐκ
1173 2168 1478 2233 ἀπέκτεινε;
1540 2167 1628 2222 40.
1674 2165 1765 2220 καὶ
1812 2167 1923 2236 μὴν

227 2255 318 2309 καὶ
357 2257 457 2309 τὸν
503 2256 709 2326 πατέρα
757 2257 970 2326 ἠρόμην
1017 2259 1068 2311 εἰ
1110 2258 1212 2326 τὴν
1258 2258 1487 2326 νεότητα
1534 2256 1922 2326 ἀναμαρτήτως

228 2347 583 2414 πεπόρευται,
631 2346 732 2398 οὐκ
780 2348 1001 2415 ε”χοντος
1047 2346 1110 2399 δὲ
1156 2347 1331 2400 εἰπεῖν
1379 2345 1574 2414 ἠξίουν
1611 2346 1711 2398 τὸν
1749 2343 1921 2398 αὑτοῦ

348 2467 375 2506 4
408 2460 681 2518 ἐπεσκότησε
706 2462 799 2506 Ath
876 2432 1132 2515 ἐπεσκότιὲε
1156 2463 1200 2506 L
1332 2467 1356 2506 6
1391 2474 1573 2506 comma
1603 2462 1712 2518 post
1742 2459 1923 2516 σπουδή

230 2521 380 2578 posui,
411 2523 519 2578 post
550 2528 825 2577 κατηγορεῖν
851 2522 976 2577 quod.
1007 2521 1186 2565 habent
1215 2520 1327 2565 libri
1358 2521 1450 2565 edd
1512 2520 1664 2564 delevi
1785 2524 1809 2564 7
1841 2519 1923 2564 καὶ

231 2594 307 2624 om
330 2581 376 2625 B
418 2583 423 2637 Ι
467 2577 517 2625 τὸ
551 2593 626 2624 om
653 2581 760 2624 Mos
881 2585 905 2623 9
939 2581 1000 2637 μὴ
1033 2595 1108 2624 om
1132 2581 1177 2624 B
1302 2585 1354 2624 12
1379 2578 1543 2625 ’Έλεον
1567 2579 1734 2636 scripsi
1795 2579 1922 2624 ἔλεον
1952 2603 1979 2634 ²,

229 2639 340 2683 libri
365 2639 456 2683 edd
481 2639 536 2683 cf.
562 2655 607 2695 p.
635 2643 734 2694 631,
754 2643 808 2682 23
933 2644 986 2682 13
1012 2641 1145 2694 „forth
1171 2645 1252 2696 τῆς
1273 2638 1538 2691 τοσούτοις“
1563 2639 1630 2682 Re
1753 2642 1808 2681 14
1837 2638 1921 2697 οὐχ

233 2699 293 2749 ὡς
324 2698 489 2753 scripsi
521 2698 612 2743 coll
642 2697 672 2741 l.
700 2702 753 2740 16
786 2699 839 2741 ut
871 2699 974 2742 coni
1006 2699 1074 2742 Re
1147 2699 1209 2748 ὡς
1239 2699 1323 2756 οὐχ
1356 2698 1479 2755 (οὐχὶ
1503 2699 1613 2754 Ath)
1644 2697 1754 2742 libri
1785 2696 1877 2740 edd
1913 2698 1916 2755 Ι

232 2758 259 2812 ἡ
286 2771 361 2801 om
385 2759 478 2802 Ath
600 2761 652 2799 16
686 2759 929 2812 πλημελεῖν
955 2758 1046 2802 LP
1065 2757 1175 2800 Ferr
1297 2761 1352 2800 20
1385 2758 1469 2801 οὐκ
1495 2757 1588 2801 ἔστι
1611 2755 1775 2812 scripsi
1837 2756 1921 2800 οὐκ

232 2816 299 2860 ἔτι
322 2817 457 2861 LPB
489 2816 601 2860 Ferr
662 2816 815 2860 οὐκέτι
840 2817 1044 2861 AthMos
1073 2816 1176 2859 Mor
1206 2816 1275 2860 Re
1418 2821 1472 2859 22
1506 2815 1566 2874 εἰ]
1598 2816 1785 2870 „malim
1818 2814 1921 2859 ἑπὶ“

232 2875 300 2918 Re
350 2878 355 2931 Ι
406 2874 581 2932 μεγάλα
617 2874 782 2931 scripsi
855 2875 1052 2931 μεγάλης
1076 2876 1169 2919 LP
1196 2875 1307 2919 Ferr
1338 2877 1385 2919 et
1416 2891 1471 2931 γρ
1501 2874 1552 2918 in
1582 2887 1716 2931 marg
1746 2873 1848 2917 Mor

232 2933 446 2990 μεγάλοις
470 2934 720 2979 AthMosB
749 2933 852 2976 Mor
875 2933 943 2977 Re
1065 2938 1119 2976 23
1153 2933 1219 2984 εἰς
1242 2935 1286 2978 L
1309 2934 1420 2978 Ferr
1445 2936 1453 2990 Ι
1481 2932 1803 2990 ἀναμάρτητος
1830 2932 1922 2977 Aah
1972 2962 1979 2978 0

237 2994 342 3037 Mos
374 2993 455 3037 sed
486 2993 534 3035 in
566 2993 653 3037 hoc
684 2992 828 3048 τήτως
859 3005 1074 3048 suprascr
1195 2997 1251 3035 24
1276 2993 1420 3037 αὐτοῦ
1451 2991 1561 3035 libri
1594 2991 1685 3035 cdd
