2044 3168
325 122 430 175 156
911 119 1200 167 GREGORH
1231 120 1433 166 CYPRH

323 260 505 327 φίλων
542 265 754 326 πονεῖν,
795 256 927 310 ὅταν
957 258 1047 310 καὶ
1079 258 1314 326 μυρίους
1347 258 1416 309 ἄν
1446 277 1531 320 τις
1561 255 1880 325 καταλέγειν
1918 244 2044 335 ἔχῃὲ

322 344 413 399 καὶ
468 346 541 408 ὡς
594 345 940 415 παράδειγμα
997 344 1190 416 φέρειν
1243 352 1318 418 τῷ
1377 347 1523 417 λόγῳ
1585 346 1899 409 πλειστάκις
1956 344 2017 400 ἐκ
2030 370 2037 402 5³

261 480 269 492 .
323 443 434 488 τῶν
465 439 694 488 οἴκοθεν
725 435 1016 503 χρημάτων
1048 435 1424 504 αἰχμαλώτους
1454 433 1815 504 πριαμένους,
1854 455 2018 488 κατα-

328 523 519 586 δίκους
577 522 915 593 πριαμένους
967 521 1059 576 καὶ
1121 525 1299 586 ἄλλως
1345 525 1662 576 κτείνεσθαι
1701 522 2017 594 μέλλοντας,

281 633 300 666 5
326 614 456 675 τοὺς
494 632 594 681 μεν
630 614 1058 683 φιλανθρωπίας
1093 611 1251 666 ἕνεκα
1283 610 1374 665 καὶ
1406 620 1505 665 τοῦ
1537 612 1610 681 μὴ
1643 613 1764 665 δειν
1795 611 2018 683 ἀνθρώ-

322 718 462 763 πους
500 702 666 764 ὄντας
705 702 1012 771 ἄνθρωπον
1049 702 1306 770 παριδεῖν
1345 700 1754 770 ἀπολλύμενον,
1803 700 1908 755 κάν
1945 703 2019 772 μὴ

322 793 620 860 προσήκων
663 783 693 861 ᾖ
731 789 904 859 γένει,
951 789 1057 843 κάν
1103 789 1156 854 ἐξ
1198 788 1441 859 ἐσχάτων
1479 790 1802 861 βαρβάρων,
1851 799 2017 845 τοῦτο

324 879 386 932 δὲ
430 881 608 946 μόνον
654 881 979 948 άνθρωπος,
1025 881 1157 941 τοὺς
1203 876 1264 931 δε
1309 878 1401 932 καὶ
1448 880 1763 947 φιλοτιμίας
1815 899 2018 950 ενεκεν,

324 966 671 1037 ἀμφοτέρους
726 968 788 1021 δὲ
840 968 1059 1030 πάντως
1111 974 1210 1021 τοῦ
1264 966 1389 1037 περὶ
1453 966 1743 1031 ἐλάττονος
1803 969 2019 1023 ἅπαντα

256 1079 300 1113 10
322 1060 569 1110 πλοῦτον
621 1057 881 1126 ἡγεῖσθαι
933 1063 1029 1125 τῆς
1083 1056 1401 1127 ἀνθρώπων
1456 1060 1613 1126 ζωῆς;
1677 1057 1762 1110 31.
1816 1065 2020 1112 τοῦτον

322 1147 520 1198 τοίνυν
556 1146 657 1199 τὸν
695 1147 905 1216 τρόπον
943 1154 1056 1199 τῶν
1094 1146 1470 1217 ἀνθρωπίνων
1507 1147 1733 1200 πάντων
1779 1145 2019 1217 ἐχόντων

322 1234 414 1287 καὶ
459 1235 701 1303 μεγάλου
755 1242 854 1288 τοῦ
907 1243 1004 1304 τῆς
1050 1236 1475 1305 φιλανθρωπίας
1524 1237 1703 1304 νόμου
1756 1255 2019 1307 κηρυττο-

323 1322 494 1392 μένου
527 1323 844 1393 ἁπανταχοῦ
875 1320 989 1376 ἔδει
1022 1326 1229 1393 μόνους
1260 1323 1674 1387 ἀνυποτάκτους
1706 1318 1847 1378 εἶναι
1882 1325 2019 1394 ἡμᾶς

321 1410 413 1464 καὶ
451 1413 518 1465 τὰ
556 1412 659 1481 μὲν
697 1415 943 1483 χρήματα
981 1411 1277 1482 περιέπειν,
1318 1420 1421 1465 σοῦ
1462 1411 1511 1465 δ’
1552 1412 1774 1480 ἀμελεῖν
1812 1412 2019 1467 οὑτωσὶ

256 1523 298 1557 1⁵
325 1500 660 1570 φερομένου;
700 1499 789 1554 καὶ
829 1503 913 1564 τίς
952 1502 1024 1554 ἄν
1062 1521 1128 1570 με
1157 1510 1269 1554 τῶν
1299 1510 1512 1571 μικρῶν
1543 1500 1576 1570 ἢ
1608 1510 1721 1554 τῶν
1754 1504 2019 1569 μειζόνων

324 1591 652 1659 συγγνώμης
712 1588 934 1659 ἠξίωσε,
985 1594 1197 1657 μᾶλλον
1244 1589 1330 1657 δέ,
1389 1593 1473 1652 τίς
1533 1589 1605 1643 ἂν
1664 1590 1868 1661 ἀπέστη
1918 1599 2018 1646 τοῦ

322 1680 395 1748 μὴ
434 1688 611 1742 κακῶς
659 1678 841 1748 λέγειν
887 1680 1001 1732 τὸν
1056 1680 1387 1750 προδότην
1440 1687 1553 1732 τοῦ
1600 1679 1858 1749 γένους,
1905 1682 2020 1735 τὸν

324 1767 694 1838 ἀγνώμονα,
719 1769 835 1822 τὸν
865 1777 975 1838 τῆς
1004 1769 1260 1838 φύσεως
1291 1768 1661 1839 ἀλιτήριον,
1694 1768 1762 1832 ὃς
1792 1771 2019 1823 κινδυ-

322 1858 636 1921 νεύοντος
674 1865 789 1910 τοῦ
829 1859 1073 1928 πατρὸς
1110 1856 1217 1911 καὶ
1264 1856 1579 1928 ἀργυρίου
1628 1866 1877 1927 συχνοῦ
1925 1859 2019 1912 οἴ-

257 1967 299 2000 20
322 1966 426 1999 κοι
487 1946 798 2015 κειμένου
861 1945 1015 2000 δέον
1074 1947 1283 2000 πάντα
1335 1945 1641 2016 προϊέναι
1695 1947 1858 2017 ὑπὲρ
1908 1955 2019 2018 τῆς

323 2038 506 2104 ζωῆς,
545 2035 574 2088 ὁ
608 2035 678 2088 δὲ
709 2032 842 2088 οὐδ’
884 2027 988 2089 οἷα
1019 2034 1139 2089 κᾶν
1170 2036 1237 2088 οἰ
1272 2033 1792 2104 δυσμενέστατοι
1832 2033 2019 2107 ἕδρα-

323 2137 458 2192 σεν,
521 2124 638 2177 οὐκ
700 2122 1074 2193 ἐπεστράφη
1129 2131 1516 2190 νοσοῦντος,
1581 2124 1695 2176 οὐκ
1751 2123 2018 2178 ἐπεκού-

323 2218 522 2281 ρησεν
576 2210 644 2265 ἐκ
697 2222 824 2266 τῶν
878 2213 1203 2281 δυνατῶν,
1260 2212 1457 2265 οὐδὲν
1511 2214 1802 2275 συνόλως
1854 2210 2016 2283 ὑπὲρ

321 2307 432 2368 τῆς
470 2299 730 2355 ἐκείνου
770 2304 1091 2369 σωτηρίας
1131 2300 1727 2371 ἐπραγματεύσατο;
1778 2312 1782 2317 ’

254 2408 297 2443 25
436 2389 520 2442 32.
564 2392 695 2452 Πῶς
749 2386 810 2442 δὲ
863 2388 989 2459 οὐχὶ
1044 2391 1114 2442 σὺ
1168 2391 1275 2459 πρὸ
1330 2398 1442 2442 τῶν
1487 2391 1672 2442 ἄλλων
1718 2389 2017 2459 ἐπήνεγκάς

320 2497 415 2545 μοι
455 2479 520 2530 τὰ
559 2479 932 2548 χαλεπώτατα;
973 2480 1019 2531 εἰ
1059 2479 1164 2548 γὰρ
1204 2476 1334 2531 νυνὶ
1375 2476 1575 2540 σωθεὶς
1615 2476 1690 2530 δι’
1733 2477 1892 2547 ἐμοῦ,
1933 2484 2019 2532 λε-

321 2563 509 2633 γέσθω
549 2566 678 2636 γάρ,
721 2566 821 2618 οὐκ
862 2565 1019 2634 ἀνίης
1059 2567 1382 2635 αἰτιώμενος
1423 2563 1513 2619 καὶ
1552 2575 1668 2629 τοῖς
1707 2565 2021 2635 ἐπιβούλοις

324 2653 666 2722 συντάττων,
720 2656 779 2707 τί
826 2653 897 2707 ἂν
943 2651 1107 2724 ἔδρας
1151 2655 1224 2723 μὴ
1273 2655 1537 2722 τοιαύτην
1588 2657 1758 2722 γνοὺς
1811 2657 2020 2723 εἰσενη-

323 2740 595 2810 νεγμένην
640 2742 741 2809 τὴν
786 2744 1136 2812 προθυμίαν·;
1183 2741 1426 2813 ἐπῄνειςς
1479 2743 1580 2796 οὐκ
1625 2739 1709 2795 ἔνι
1757 2741 2018 2812 δέχεσθαι

442 2847 497 2885 25
531 2843 589 2886 cf.
621 2858 665 2899 p.
695 2846 794 2898 173,
814 2847 869 2887 20

440 2937 465 2975 6
500 2931 611 2976 ὄντα
646 2933 686 2977 V
804 2935 858 2974 16
890 2929 1083 2987 ἠξίωσεν
1117 2932 1160 2975 V
1277 2935 1332 2975 28
1367 2929 1742 2988 εἰσενηνεγμένον
1776 2933 1820 2976 V
