2014 3158
885 653 974 708 LI.

196 779 390 843 Agmen
423 779 839 828 declamationum
879 778 1068 826 claudit
1110 777 1419 843 φιλαργύρου
1460 778 1691 827 monodia
1723 781 1777 827 in

86 852 250 901 codice
283 853 370 915 qui
402 854 552 914 solus,
588 853 719 915 quod
752 853 920 913 sciam,
951 868 1056 900 eam
1084 853 1317 912 servavit,
1350 849 1518 915 μελέτη
1550 853 1776 916 λιβανίου

83 928 347 989 inscripta,
381 943 479 989 qua
512 942 691 976 avarus
724 927 842 975 olim
875 943 900 974 e
931 942 1149 989 paupere
1183 927 1320 975 dives
1351 928 1513 975 factus
1545 927 1776 975 thesauro

85 1018 232 1064 quem
263 1005 396 1049 terra
429 1001 753 1050 absconderat
784 1017 813 1049 a
845 1001 1036 1048 furibus
1063 1001 1230 1049 ablato
1255 1002 1570 1049 lamentatur.
1618 1001 1778 1058 Quam

83 1078 143 1124 ut
174 1079 307 1124 certo
339 1091 369 1123 a
400 1075 609 1124 Libanio
642 1075 1023 1124 abiudicandam
1064 1091 1167 1123 esse
1204 1090 1451 1137 censeam,
1492 1075 1586 1122 etsi
1617 1091 1776 1137 neque

83 1149 409 1199 Boissonadio
442 1151 530 1212 qui
559 1149 750 1212 primus
783 1149 939 1197 edidit
968 1166 1130 1212 neque
1163 1149 1251 1197 Th.
1284 1149 1472 1197 Kockio
1498 1150 1582 1211 qui
1614 1149 1774 1198 fusius

83 1224 324 1272 tractavit
353 1224 669 1286 lineamenta,
702 1225 823 1286 quin
855 1225 1006 1272 etiam
1037 1225 1231 1272 ratione
1264 1240 1363 1286 qua
1387 1224 1645 1272 consuevit
1667 1240 1775 1273 ver-

83 1313 165 1347 sus
190 1298 470 1346 comoediae
494 1298 695 1346 Atticae
727 1314 786 1346 ex
817 1314 875 1346 ea
907 1298 1131 1347 elicuisse
1164 1298 1258 1346 sibi
1282 1298 1418 1346 visus
1442 1291 1584 1363 est1),
1617 1313 1789 1360 neque¹

83 1372 292 1420 Ernesto
318 1371 582 1420 Salzmann
593 1366 636 1439 ²)
660 1372 992 1434 suspicionem
1023 1374 1195 1433 movit,
1227 1388 1306 1419 me
1337 1388 1434 1420 non
1466 1371 1623 1420 solum
1643 1380 1775 1421 ‘usus

82 1448 249 1494 movet
292 1446 644 1495 vocabulorum
700 1446 761 1494 ab
815 1447 903 1495 illo
950 1446 1223 1495 alienorum
1271 1448 1328 1493 ut
1383 1444 1774 1511 ἀφιλάνθρωπος

82 1537 128 1582 p.
158 1521 278 1582 732,
299 1522 382 1581 13,
413 1517 645 1579 ἀπόσιτος
667 1537 715 1582 p.
745 1522 866 1581 729,
885 1522 968 1582 12,
1000 1520 1331 1579 πολυπλάσιος
1354 1537 1400 1582 p.
1429 1523 1550 1581 731,
1570 1522 1622 1580 33
1655 1518 1774 1568 ἀπο-

83 1593 296 1659 στόργως
317 1611 364 1656 p.
387 1596 506 1656 733,
529 1595 611 1657 18,
635 1592 1006 1660 ἀσκαρδαμυκτί
1025 1612 1071 1657 p.
1101 1597 1220 1657 733,
1243 1596 1325 1656 12,
1353 1591 1564 1659 ἀμογητί
1584 1611 1629 1655 p.
1655 1595 1772 1655 731,

85 1669 140 1730 ὃς
180 1667 402 1732 βόθυνος
432 1686 480 1731 p.
516 1670 637 1730 734,
658 1671 740 1733 16,
773 1666 939 1727 ἐννεός
968 1686 1016 1730 p.
1046 1670 1166 1726 734,
1186 1671 1278 1730 18,
1317 1667 1546 1732 ληθεδών
1577 1685 1623 1730 p.
1654 1670 1774 1729 736,

86 1745 134 1804 1,
164 1741 533 1807 κρεωδαισίαΡ.
564 1744 684 1804 730,
704 1743 758 1804 53
797 1740 1153 1808 ἆπερεύγεσθαι
1189 1760 1235 1805 p.
1266 1744 1386 1803 729,
1407 1745 1453 1803 2,
1485 1739 1773 1805 ἀποσφυρη-

82 1819 242 1864 λατεῐν
266 1834 313 1879 Ρ.
341 1818 461 1878 735,
481 1819 528 1879 2,
560 1817 832 1876 ὃιυπνίζειν
863 1834 909 1880 Ρ.
939 1819 1060 1879 730,
1080 1819 1127 1878 9,
1159 1815 1441 1882 ἐπεισφρεῖν
1472 1833 1520 1878 Ρ.
1550 1818 1669 1878 734,
1691 1820 1774 1877 11,

82 1890 519 1949 κατεξανίστασθαι
558 1894 608 1940 et
649 1889 1068 1951 ὑπεξανίστασθαι
1099 1909 1146 1954 Ρ.
1183 1894 1303 1952 730,
1325 1894 1392 1939 10
1426 1894 1475 1939 et
1509 1892 1592 1952 12,
1632 1908 1773 1952 μετα-

84 1972 352 2029 στοιχειοῦν
383 1983 430 2028 p.
467 1967 586 2027 734,
615 1967 680 2013 19
722 1966 800 2014 vel
840 1965 1227 2029 significationes
1266 1980 1441 2014 vocum
1475 1964 1535 2012 ab
1567 1964 1656 2012 illo
1689 1964 1772 2012 ab·

81 2039 336 2087 horrentes
381 2042 439 2087 ut
483 2047 607 2104 γοῦν
653 2057 700 2102 Ρ.
735 2042 944 2101 731,10
970 2061 1026 2077 =
1050 2040 1241 2101 saltem,
1289 2056 1335 2101 p.
1364 2040 1485 2100 732,
1506 2040 1570 2086 19
1598 2061 1654 2076 =
1678 2039 1773 2102 vel3

83 2109 199 2161 οὐδὲ
235 2119 360 2178 γοῦν
392 2130 439 2176 Ρ.
474 2115 595 2174 729,
615 2115 645 2161 5
673 2136 729 2151 --
752 2114 1048 2174 ηε-ᾳιιὶάωης
1089 2113 1440 2178 συγγινώσκειν
1478 2130 1524 2175 Ρ.
1562 2113 1682 2172 733,
1704 2115 1765 2161 21

84 2209 138 2224 =
163 2189 406 2235 conscium
437 2202 550 2251 esse,
581 2203 752 2235 verum
786 2189 938 2235 etiam
970 2187 1234 2236 diversitas
1259 2187 1490 2235 dictionis
1516 2190 1564 2235 et
1587 2189 1771 2234 tracta-

80 2261 232 2308 tionis
272 2277 421 2323 quam
459 2262 547 2310 illo
587 2262 748 2310 multo
786 2261 1074 2310 inferiorem
1118 2261 1336 2310 iudicare
1383 2259 1482 2308 non
1528 2260 1702 2308 dubito
1713 2253 1771 2326 ³).

82 2333 313 2382 Studium
354 2335 552 2396 quidem
590 2334 789 2383 Libanii
835 2336 996 2384 elucet
1041 2335 1127 2384 sed
1172 2338 1334 2383 minus
1374 2350 1522 2395 quam
1562 2333 1771 2382 Luciani

80 2409 323 2470 imprimis
346 2409 711 2471 Icaromenippi
736 2412 886 2471 atque
910 2409 1191 2458 comoediae
1216 2410 1427 2457 Atticae.
1482 2406 1629 2469 Spem
1655 2423 1771 2455 vero

82 2483 250 2530 fovere
282 2499 380 2530 non
414 2483 583 2531 desino
616 2483 720 2531 fore
752 2486 811 2531 ut
840 2499 1012 2532 verum
1046 2483 1260 2532 auctoris
1292 2498 1470 2531 nomen
1502 2481 1770 2543 aliquando

81 2572 139 2604 ex
163 2556 262 2604 alio
295 2556 459 2604 codice
484 2551 718 2621 emergat.
758 2557 1071 2621 Magistellus
1096 2558 1276 2606 aetatis
1301 2556 1423 2604 satis
1446 2555 1657 2603 recentis
1682 2557 1771 2617 qui

201 2702 242 2752 1)
274 2696 430 2740 Herm.
462 2696 570 2740 XXI
600 2701 686 2741 398
703 2712 770 2754 sq.
825 2698 897 2741 Fr.
931 2697 1055 2742 Com.
1088 2699 1185 2741 Att.
1212 2697 1274 2740 ΠΙ
1299 2701 1400 2747 667,
1429 2700 1540 2739 1507
1561 2710 1628 2751 sq.

199 2758 242 2812 2)
275 2755 611 2812 Sprichworter
633 2757 730 2800 und
757 2756 1156 2813 sprichwortliche
1181 2755 1499 2799 Redensarten
1529 2754 1607 2799 bei
1632 2755 1770 2799 Liba-

78 2814 195 2869 nios,
226 2814 470 2872 Tubingae
504 2819 618 2859 1910
649 2830 695 2872 Ρ.
723 2819 821 2860 102.

196 2875 241 2929 3)
273 2873 444 2930 Legem
476 2873 792 2930 Meyerianam
831 2887 911 2918 sex
948 2874 1063 2918 locis
1096 2878 1156 2930 (p.
1184 2877 1350 2928 729,9;
1393 2876 1559 2926 730‚4;
1601 2877 1767 2927 734,(53

81 2935 180 2986 734,
199 2937 275 2987 123
310 2937 410 2987 735,
430 2938 506 2988 153
540 2937 639 2988 735,
657 2936 731 2990 21)
764 2933 988 2977 violatam
1020 2946 1119 2977 esse
1152 2931 1305 2976 obiter
1335 2944 1514 2976 moneo.
