2014 3158
359 76 478 121 PRO
511 75 784 121 MULIERE
816 74 1239 119 TYRANNICIDA
1269 73 1508 118 ΡΕΤΙΤΙΟ
1675 74 1784 128 455,

89 223 373 282 παροινῶν
420 212 861 281 ἀπηυθαδιάζετο
917 211 991 274 ὡς
1043 207 1231 279 μηδέν’
1286 209 1356 263 ἂν
1411 213 1554 281 ἔχειν
1609 212 1785 263 εἰπεῖν

90 302 156 355 τὰ
195 303 651 371 παλαμναιότερα,
680 304 829 362 τίνος
868 307 963 368 τῆς
1001 306 1176 368 τιμῆς,
1210 298 1402 362 ὁποίας
1431 307 1526 368 τῆς
1559 300 1785 368 δωρεᾶς,

90 394 321 458 πηλίκης
358 397 453 458 τῆς
493 391 754 457 αἰτήσεως
792 388 894 442 οὐκ
933 387 1003 440 ἄν
1042 387 1165 452 ἀξία
1204 389 1479 456 νομίζοιτο
1520 388 1553 456 ἥ
1592 407 1654 456 γε
1686 388 1783 440 τὸν

89 481 268 532 πολὺν
316 478 528 531 ἐκεῖνον
575 479 790 545 γνόφον
835 484 931 545 τῆς
977 477 1232 540 δουλείας
1279 476 1498 529 διέλυσε
1546 479 1636 529 καὶ
1691 478 1784 545 δη-

89 570 390 637 μοκρατίαν
428 565 550 620 ἀντὶ
590 567 921 634 τυραννίδος
961 565 1137 633 εἰσῆξε
1168 566 1259 619 καὶ
1291 567 1352 619 τὸ
1386 574 1608 633 κρατεῖν
1647 565 1779 634 άφε-
1830 587 1849 618 5

90 655 290 726 λομένη
331 656 430 709 τὸν
467 656 745 724 τύραννον
783 661 947 707 τοῦτο
988 662 1050 725 τῇ
1091 656 1250 707 πόλει
1298 652 1388 707 καὶ
1440 663 1555 716 τοῖς
1593 656 1784 723 νόμοις

91 744 358 813 άπέδωκε;

201 833 286 886 34.
326 831 465 901 Λέγε
511 852 630 901 μοι,
683 834 820 900 πρὸς
874 835 1062 898 νόμων
1116 832 1325 900 αὐτῶν,
1380 833 1446 885 τὰ
1496 829 1617 884 τόθ’
1674 831 1781 884 ὑπὸ

88 930 189 975 τοῦ
228 922 508 989 τυράννου
545 923 681 974 κατὰ
721 924 909 990 νόμων
947 920 1336 990 ἐξειργασμένα
1373 919 1464 974 καὶ
1511 921 1782 973 ποιοῦτὰ

89 1009 302 1063 ἐκείνου
343 1011 730 1078 δυσσεβήματα
768 1019 881 1063 τῶν
910 1018 1005 1079 τῆς
1038 1009 1402 1072 ἀπεκτονυίας
1434 1009 1783 1078 άνδραγαθη-
1807 1031 1851 1063 10

87 1099 272 1168 μάτων
318 1098 649 1167 κατάλογον,
706 1098 811 1167 ἐγὼ
860 1098 925 1152 δέ
967 1113 1056 1152 σοι
1103 1100 1499 1169 προσεπιθήσω
1547 1098 1636 1151 καὶ
1682 1100 1781 1151 τὸν

86 1189 293 1256 τρόπον
332 1187 479 1250 ὅπως
519 1186 547 1240 ὁ
588 1188 863 1255 τύραννος
902 1190 1091 1242 ἔκειτο.

197 1275 283 1329 35.
315 1275 700 1346 Ἐτυραννεῖτο
732 1277 833 1346 μὲν
864 1277 896 1345 ἡ
930 1279 1107 1345 πόλις,
1142 1279 1211 1330 σὺ
1246 1275 1298 1329 δ’
1335 1277 1363 1330 ὁ
1397 1285 1505 1330 νῦν
1536 1278 1783 1345 λαμπρὸς

85 1366 184 1434 τὴν
224 1370 473 1433 γλῶτταν
511 1366 798 1435 ἡσύχαζες,
839 1365 868 1419 ὁ
910 1366 971 1419 δὲ
1018 1367 1190 1434 δῆμος
1238 1366 1783 1434 δουλοκρατούμενος

86 1455 188 1507 οὐκ
242 1448 388 1523 εἶχεν
439 1454 468 1507 ὅ
519 1474 571 1507 τι
635 1453 727 1507 καὶ
791 1458 1065 1524 χρήσαιτο.
1131 1455 1486 1523 δορυφόρους
1540 1456 1780 1517 πολλοὺς
1807 1476 1847 1508 15

86 1541 174 1596 ἐπὶ
220 1549 367 1615 κακῷ
409 1548 482 1615 τῷ
528 1551 623 1612 τῆς
668 1545 878 1606 πόλεως
931 1541 1151 1613 ἔτρεφε,
1206 1547 1393 1616 πολλῷ
1449 1541 1508 1596 δὲ
1556 1546 1782 1605 πλείους

86 1630 172 1684 ἐπὶ
234 1639 329 1700 τῆς
384 1631 732 1699 ἀκροπόλεως
794 1633 1051 1702 φυλακὴν
1111 1619 1363 1698 περιίστα
1416 1638 1497 1703 τῷ
1556 1633 1780 1700 σώματι.

85 1719 171 1773 36.
210 1721 435 1773 πάντων
474 1717 578 1774 οὗν
617 1719 704 1774 ἐπὶ
743 1722 961 1784 τούτοις
1001 1722 1268 1774 δεδιότων
1315 1720 1405 1773 καὶ
1453 1722 1779 1789 κατεπτηχό-

84 1829 195 1862 των
249 1808 336 1862 καὶ
392 1811 568 1879 πάσης
622 1810 1030 1872 ἐπιλελοιπυίας
1079 1817 1324 1878 μηχανῆς
1378 1811 1467 1862 καὶ
1515 1811 1780 1878 μηδεμιᾶς

83 1898 442 1967 χρηστοτέρας
467 1899 715 1966 ὑπούσης
747 1899 968 1962 ἐλπίδος
1000 1893 1111 1952 εἶδε
1135 1900 1196 1951 τὸ
1232 1899 1238 1967 Ι
1274 1899 1446 1952 κακὸν
1470 1899 1599 1952 ὁπό-
1647 1904 1768 1947 RIV
1781 1908 1866 1947 808

85 2000 188 2039 σον
225 1987 258 2055 ἡ
302 1988 593 2056 φιλόπολις
632 1987 768 2056 αὕτη
807 1986 898 2041 καὶ
946 1988 1374 2056 μισοτύραννος,
1422 1986 1645 2058 ᾤκτειρε
1684 1995 1780 2055 τῆς
1803 2009 1844 2040 21

85 2074 310 2144 ἀτυχίας
348 2077 447 2129 τὸν
488 2077 688 2144 δῆμον,
735 2074 958 2146 ἐμίσησε
1003 2085 1099 2145 τῆς
1145 2077 1410 2139 ἀπονοίας
1455 2078 1554 2130 τὸν
1602 2078 1780 2145 ἄνδρα

83 2164 174 2217 καὶ
214 2165 273 2216 τὸ
315 2164 579 2217 ἐντεῦθεν
618 2167 801 2234 ἔργοις
839 2166 901 2218 τὸ
942 2175 1127 2235 μισεῖν
1167 2164 1471 2233 ἐβεβαίωσε.
1512 2166 1778 2234 λαμβάνει

204 2271 228 2308 2
263 2266 321 2309 ef.
354 2281 399 2321 p.
427 2271 599 2320 472‚21

209 2362 229 2398 l
264 2369 375 2397 num
407 2353 786 2410 ἀπηυθαδίζετοῗ
813 2356 820 2411 Ι
847 2353 1008 2411 μηδέν’
1047 2353 1107 2398 ἂν
1140 2355 1305 2411 scripsi
1374 2354 1434 2412 μὴ
1468 2352 1512 2398 δ’
1544 2352 1604 2398 ἂν
1631 2356 1718 2398 Μα

84 2411 193 2470 μηδ’
216 2411 275 2457 ἂν
295 2414 445 2458 ClVat
505 2413 650 2470 μηδὲν
668 2411 728 2457 ἂν
750 2415 831 2458 Mo
847 2414 915 2458 Re
976 2414 1153 2470 μηδένα
1173 2414 1376 2459 Sintenis
1498 2418 1523 2456 2
1547 2413 1605 2457 τὰ
1629 2416 1777 2456 παλα-

85 2471 337 2527 μναιότερά
374 2489 501 2524 τινος
531 2473 599 2515 Re
676 2487 787 2515 num
817 2490 860 2516 τι
892 2473 1325 2530 παλαμναιότερονῖ
1358 2475 1409 2516 at
1441 2473 1497 2516 cf.
1530 2488 1575 2528 p.
1601 2477 1701 2526 462,
1723 2477 1775 2516 16

206 2536 231 2574 3
266 2530 374 2584 ἀξία
407 2532 572 2588 scripsi
597 2545 622 2575 e
642 2532 785 2577 Maol
815 2545 921 2575 cum
943 2532 1155 2576 Iacobsio
1181 2532 1321 2576 Schul
1383 2532 1491 2584 ἄξια
1509 2533 1684 2576 VatMo
1710 2531 1776 2574 Re

206 2595 230 2633 6
269 2592 378 2642 τοὺς
407 2589 579 2648 νόμους
613 2592 700 2635 Vat
841 2595 867 2634 8
899 2591 974 2650 τὰ]
1006 2597 1087 2647 τῆς
1111 2591 1260 2636 MaCl
1402 2596 1427 2634 9
1461 2589 1606 2647 νόμον
1633 2589 1778 2635 MaCl

94 2650 183 2694 Vat
231 2652 236 2705 Ι
288 2649 609 2707 ἐξειργασμένα
638 2652 724 2694 Μα
757 2650 837 2694 sed
871 2652 972 2706 oc(2)
1005 2651 1098 2694 add.
1129 2651 1199 2694 m²
1322 2655 1375 2693 10
1416 2648 1605 2694 ἐκείνων
1631 2649 1777 2693 MaOl

207 2714 258 2751 11
293 2708 374 2752 τὸν
407 2723 481 2752 om
509 2711 598 2753 Ma
742 2713 796 2752 13
829 2708 858 2764 ἡ
889 2708 1021 2760 πόλις
1047 2711 1135 2754 Μα
1168 2710 1247 2753 sed
1280 2710 1308 2765 ἡ
1340 2725 1374 2752 π
1406 2708 1454 2751 in
1486 2722 1559 2752 ras
1588 2707 1657 2751 m²

87 2771 142 2809 15
174 2781 248 2810 ras
283 2773 305 2810 1
338 2767 418 2812 litss
450 2771 559 2811 ante
591 2768 668 2811 καὶ
698 2769 781 2812 Mo
912 2773 966 2812 18
998 2770 1078 2812 καὶ
1109 2769 1282 2812 inserui
1315 2782 1340 2810 e
1366 2769 1455 2812 Ma
1516 2781 1591 2810 om
1625 2767 1777 2812 GlVat

89 2827 172 2869 Mo
203 2826 271 2870 Re
401 2830 455 2869 19
488 2826 547 2883 μὴ
581 2827 631 2870 δὲ
665 2833 773 2882 μιᾶς
807 2827 895 2870 Vat
1026 2831 1081 2871 20
1114 2826 1300 2878 ἐλπίδος
1331 2827 1379 2869 in
1411 2840 1542 2882 marg
1571 2827 1656 2870 Ma

86 2888 140 2927 21
175 2883 223 2942 ἡ]
252 2901 296 2928 τι
323 2885 409 2929 Ma
531 2890 586 2928 23
621 2885 735 2941 ἔργω
770 2885 859 2930 Vat
