<?xml version="1.0" encoding="UTF-8"?>
<!DOCTYPE html PUBLIC "-//W3C//DTD XHTML 1.0 Transitional//EN"
    "http://www.w3.org/TR/xhtml1/DTD/xhtml1-transitional.dtd">
<html xmlns="http://www.w3.org/1999/xhtml" xml:lang="en" lang="en">
 <head>
  <title>
</title>
<meta http-equiv="Content-Type" content="text/html;charset=utf-8" />
  <meta name='ocr-system' content='tesseract 3.04.00' />
  <meta name='ocr-capabilities' content='ocr_page ocr_carea ocr_par ocr_line ocrx_word'/>
</head>
<body>
  <div class='ocr_page' id='page_1' title='image "./operarecensuitri07libauoft_0351.png"; bbox 0 0 2044 3168; ppageno 0'>
   <div class='ocr_carea' id='block_1_1' title="bbox 203 141 1777 197">
    <p class='ocr_par' dir='ltr' id='par_1_1' title="bbox 203 141 1777 197">
     <span class='ocr_line' id='line_1_1' title="bbox 203 141 1777 197; baseline 0.001 -9"><span class='ocrx_word' id='word_1_1' title='bbox 203 143 413 189; x_wconf 88' lang='lat' dir='ltr'>PATRIS</span> <span class='ocrx_word' id='word_1_2' title='bbox 446 141 659 188; x_wconf 87' lang='lat' dir='ltr'>CAEDIS</span> <span class='ocrx_word' id='word_1_3' title='bbox 691 143 888 187; x_wconf 85' lang='lat' dir='ltr'>FILIAE</span> <span class='ocrx_word' id='word_1_4' title='bbox 922 143 1272 197; x_wconf 78' lang='lat' dir='ltr'>GENERIQUE</span> <span class='ocrx_word' id='word_1_5' title='bbox 1305 143 1604 188; x_wconf 76' lang='lat' dir='ltr'>DEFENSIO</span> <span class='ocrx_word' id='word_1_6' title='bbox 1670 144 1777 196; x_wconf 85' lang='lat'><em>333</em></span> 
     </span>
    </p>
   </div>
   <div class='ocr_carea' id='block_1_2' title="bbox 69 279 1848 1782">
    <p class='ocr_par' dir='ltr' id='par_1_2' title="bbox 69 279 1848 1782">
     <span class='ocr_line' id='line_1_2' title="bbox 85 279 1779 353; baseline -0.001 -19"><span class='ocrx_word' id='word_1_7' title='bbox 85 281 302 344; x_wconf 81' lang='grc' dir='ltr'><strong><em>τούτοις</em></strong></span> <span class='ocrx_word' id='word_1_8' title='bbox 339 279 488 353; x_wconf 71' lang='grc' dir='ltr'><em>ᾤμην</em></span> <span class='ocrx_word' id='word_1_9' title='bbox 527 280 960 348; x_wconf 81' lang='grc' dir='ltr'><em>ἀποτελευτῆσαί</em></span> <span class='ocrx_word' id='word_1_10' title='bbox 992 299 1084 349; x_wconf 91' lang='grc' dir='ltr'><em>μοι</em></span> <span class='ocrx_word' id='word_1_11' title='bbox 1123 281 1188 332; x_wconf 81' lang='grc' dir='ltr'><em>τὰ</em></span> <span class='ocrx_word' id='word_1_12' title='bbox 1228 289 1323 349; x_wconf 84' lang='grc' dir='ltr'><em>τῆς</em></span> <span class='ocrx_word' id='word_1_13' title='bbox 1362 281 1565 349; x_wconf 83' lang='grc' dir='ltr'><strong><em>Τύχης,</em></strong></span> <span class='ocrx_word' id='word_1_14' title='bbox 1606 281 1779 352; x_wconf 81' lang='grc' dir='ltr'><em>δᾷδας</em></span> 
     </span>
     <span class='ocr_line' id='line_1_3' title="bbox 69 368 1778 439; baseline 0 -17"><span class='ocrx_word' id='word_1_15' title='bbox 69 373 388 439; x_wconf 61' lang='grc' dir='ltr'><em>&gt;γαμηλίους</em></span> <span class='ocrx_word' id='word_1_16' title='bbox 425 369 750 439; x_wconf 85' lang='grc' dir='ltr'><em>ὑπανῆπτον</em></span> <span class='ocrx_word' id='word_1_17' title='bbox 787 369 877 422; x_wconf 85' lang='grc' dir='ltr'><em>καὶ</em></span> <span class='ocrx_word' id='word_1_18' title='bbox 915 375 1012 436; x_wconf 83' lang='grc' dir='ltr'><em>τῆς</em></span> <span class='ocrx_word' id='word_1_19' title='bbox 1051 370 1367 437; x_wconf 80' lang='grc' dir='ltr'><em>θαυμασίας</em></span> <span class='ocrx_word' id='word_1_20' title='bbox 1408 368 1615 438; x_wconf 80' lang='grc' dir='ltr'><strong><em>ἐκείνης</em></strong></span> <span class='ocrx_word' id='word_1_21' title='bbox 1653 388 1778 422; x_wconf 87' lang='grc' dir='ltr'><em>παι-</em></span> 
     </span>
     <span class='ocr_line' id='line_1_4' title="bbox 87 456 1783 530; baseline -0.001 -18"><span class='ocrx_word' id='word_1_22' title='bbox 87 459 185 523; x_wconf 89' lang='grc' dir='ltr'><em>δὸς</em></span> <span class='ocrx_word' id='word_1_23' title='bbox 221 461 648 530; x_wconf 76' lang='grc' dir='ltr'><em>προεπόμπευσα</em></span> <span class='ocrx_word' id='word_1_24' title='bbox 686 457 776 512; x_wconf 83' lang='grc' dir='ltr'><em>καὶ</em></span> <span class='ocrx_word' id='word_1_25' title='bbox 822 459 887 511; x_wconf 81' lang='grc' dir='ltr'><em>τὰ</em></span> <span class='ocrx_word' id='word_1_26' title='bbox 934 460 1128 526; x_wconf 81' lang='grc' dir='ltr'><em>βελτίω</em></span> <span class='ocrx_word' id='word_1_27' title='bbox 1176 456 1638 528; x_wconf 76' lang='grc' dir='ltr'><em>προσεπηυξάμην</em></span> <span class='ocrx_word' id='word_1_28' title='bbox 1689 460 1783 511; x_wconf 82' lang='grc' dir='ltr'><em>καί</em></span> 
     </span>
     <span class='ocr_line' id='line_1_5' title="bbox 86 546 1780 620; baseline -0.001 -19"><span class='ocrx_word' id='word_1_29' title='bbox 86 567 138 601; x_wconf 89' lang='grc' dir='ltr'><em>τι</em></span> <span class='ocrx_word' id='word_1_30' title='bbox 177 557 272 618; x_wconf 83' lang='grc' dir='ltr'><em>τῆς</em></span> <span class='ocrx_word' id='word_1_31' title='bbox 311 549 473 618; x_wconf 82' lang='grc' dir='ltr'><strong><em>εὐχῆς</em></strong></span> <span class='ocrx_word' id='word_1_32' title='bbox 509 546 600 601; x_wconf 81' lang='grc' dir='ltr'><em>καὶ</em></span> <span class='ocrx_word' id='word_1_33' title='bbox 639 552 714 620; x_wconf 79' lang='grc' dir='ltr'><em>τῷ</em></span> <span class='ocrx_word' id='word_1_34' title='bbox 746 550 892 618; x_wconf 79' lang='grc' dir='ltr'><em>καλῷ</em></span> <span class='ocrx_word' id='word_1_35' title='bbox 932 549 1156 618; x_wconf 80' lang='grc' dir='ltr'><strong><em>νυμφίῳ</em></strong></span> <span class='ocrx_word' id='word_1_36' title='bbox 1203 546 1542 616; x_wconf 77' lang='grc' dir='ltr'><em>προσέθηκα,</em></span> <span class='ocrx_word' id='word_1_37' title='bbox 1583 548 1654 610; x_wconf 81' lang='grc' dir='ltr'><em>ὡς</em></span> <span class='ocrx_word' id='word_1_38' title='bbox 1693 547 1780 616; x_wconf 77' lang='grc' dir='ltr'><em>γε’-</em></span> 
     </span>
     <span class='ocr_line' id='line_1_6' title="bbox 85 632 1847 707; baseline 0.001 -16"><span class='ocrx_word' id='word_1_39' title='bbox 85 656 238 691; x_wconf 88' lang='grc' dir='ltr'><em>νοιτο</em></span> <span class='ocrx_word' id='word_1_40' title='bbox 278 635 380 707; x_wconf 71' lang='grc' dir='ltr'><em>μὲν</em></span> <span class='ocrx_word' id='word_1_41' title='bbox 418 636 626 700; x_wconf 84' lang='grc' dir='ltr'><em>ἐκεῖνος</em></span> <span class='ocrx_word' id='word_1_42' title='bbox 666 637 943 703; x_wconf 82' lang='grc' dir='ltr'><em>εὐδαίμων</em></span> <span class='ocrx_word' id='word_1_43' title='bbox 974 638 1170 706; x_wconf 78' lang='grc' dir='ltr'><em>πατήρ,</em></span> <span class='ocrx_word' id='word_1_44' title='bbox 1211 632 1252 688; x_wconf 81' lang='grc' dir='ltr'><em>ὦ</em></span> <span class='ocrx_word' id='word_1_45' title='bbox 1285 639 1429 703; x_wconf 78' lang='grc' dir='ltr'><em>θεοί,</em></span> <span class='ocrx_word' id='word_1_46' title='bbox 1469 635 1687 704; x_wconf 77' lang='grc' dir='ltr'><em>γένοιτο</em></span> <span class='ocrx_word' id='word_1_47' title='bbox 1721 636 1781 690; x_wconf 87' lang='grc' dir='ltr'><em>δ’</em></span> <span class='ocrx_word' id='word_1_48' title='bbox 1828 661 1847 694; x_wconf 84' lang='lat'><strong>5</strong></span> 
     </span>
     <span class='ocr_line' id='line_1_7' title="bbox 88 724 1781 797; baseline 0 -18"><span class='ocrx_word' id='word_1_49' title='bbox 88 726 180 796; x_wconf 79' lang='grc' dir='ltr'><em>ἐμὲ</em></span> <span class='ocrx_word' id='word_1_50' title='bbox 218 725 307 779; x_wconf 88' lang='grc' dir='ltr'><em>καὶ</em></span> <span class='ocrx_word' id='word_1_51' title='bbox 347 727 572 780; x_wconf 80' lang='grc' dir='ltr'><em>πάππον</em></span> <span class='ocrx_word' id='word_1_52' title='bbox 612 725 846 779; x_wconf 81' lang='grc' dir='ltr'><em>ἀκοῦσαι</em></span> <span class='ocrx_word' id='word_1_53' title='bbox 885 726 1019 793; x_wconf 82' lang='grc' dir='ltr'><em>μετὰ</em></span> <span class='ocrx_word' id='word_1_54' title='bbox 1068 728 1288 795; x_wconf 78' lang='grc' dir='ltr'><em>πατρός.</em></span> <span class='ocrx_word' id='word_1_55' title='bbox 1362 725 1444 778; x_wconf 84' lang='lat'><em>14.</em></span> <span class='ocrx_word' id='word_1_56' title='bbox 1485 725 1586 778; x_wconf 86' lang='grc' dir='ltr'><em>οὐκ</em></span> <span class='ocrx_word' id='word_1_57' title='bbox 1627 724 1781 797; x_wconf 78' lang='grc' dir='ltr'><em>ᾔδειν</em></span> 
     </span>
     <span class='ocr_line' id='line_1_8' title="bbox 87 814 1781 886; baseline -0.001 -17"><span class='ocrx_word' id='word_1_58' title='bbox 87 814 147 869; x_wconf 76' lang='grc' dir='ltr'><em>δὲ</em></span> <span class='ocrx_word' id='word_1_59' title='bbox 187 818 292 886; x_wconf 79' lang='grc' dir='ltr'><em>ἄρα</em></span> <span class='ocrx_word' id='word_1_60' title='bbox 332 817 404 879; x_wconf 83' lang='grc' dir='ltr'><em>ὡς</em></span> <span class='ocrx_word' id='word_1_61' title='bbox 441 817 507 869; x_wconf 78' lang='grc' dir='ltr'><em>τὰ</em></span> <span class='ocrx_word' id='word_1_62' title='bbox 544 816 646 884; x_wconf 81' lang='grc' dir='ltr'><em>μὲν</em></span> <span class='ocrx_word' id='word_1_63' title='bbox 683 824 779 885; x_wconf 81' lang='grc' dir='ltr'><em>τῆς</em></span> <span class='ocrx_word' id='word_1_64' title='bbox 818 815 980 884; x_wconf 81' lang='grc' dir='ltr'><em>εὐχῆς</em></span> <span class='ocrx_word' id='word_1_65' title='bbox 1011 814 1366 867; x_wconf 82' lang='grc' dir='ltr'><em>ἀποπεσεῖται</em></span> <span class='ocrx_word' id='word_1_66' title='bbox 1406 814 1625 878; x_wconf 90' lang='grc' dir='ltr'><em>πάντως</em></span> <span class='ocrx_word' id='word_1_67' title='bbox 1664 814 1781 868; x_wconf 80' lang='grc' dir='ltr'><em>ἀτέ-</em></span> 
     </span>
     <span class='ocr_line' id='line_1_9' title="bbox 87 899 1780 975; baseline -0.001 -16"><span class='ocrx_word' id='word_1_68' title='bbox 87 910 264 974; x_wconf 82' lang='grc' dir='ltr'><em>λεστα,</em></span> <span class='ocrx_word' id='word_1_69' title='bbox 303 914 421 968; x_wconf 87' lang='grc' dir='ltr'><em>ταῖς</em></span> <span class='ocrx_word' id='word_1_70' title='bbox 460 905 522 958; x_wconf 83' lang='grc' dir='ltr'><em>δὲ</em></span> <span class='ocrx_word' id='word_1_71' title='bbox 558 904 712 975; x_wconf 78' lang='grc' dir='ltr'><em>χερσὶ</em></span> <span class='ocrx_word' id='word_1_72' title='bbox 747 905 972 966; x_wconf 83' lang='grc' dir='ltr'><em>ταύταις</em></span> <span class='ocrx_word' id='word_1_73' title='bbox 1006 901 1108 973; x_wconf 83' lang='grc' dir='ltr'><em>ὑφ’</em></span> <span class='ocrx_word' id='word_1_74' title='bbox 1145 899 1224 956; x_wconf 84' lang='grc' dir='ltr'><em>ὧν</em></span> <span class='ocrx_word' id='word_1_75' title='bbox 1262 905 1364 973; x_wconf 84' lang='grc' dir='ltr'><em>τὴν</em></span> <span class='ocrx_word' id='word_1_76' title='bbox 1402 903 1504 973; x_wconf 82' lang='grc' dir='ltr'><em>μὲν</em></span> <span class='ocrx_word' id='word_1_77' title='bbox 1544 903 1780 973; x_wconf 80' lang='grc' dir='ltr'><em>ἐθρεψά-</em></span> 
     </span>
     <span class='ocr_line' id='line_1_10' title="bbox 84 991 1780 1064; baseline -0.001 -17"><span class='ocrx_word' id='word_1_78' title='bbox 84 1015 210 1064; x_wconf 79' lang='grc' dir='ltr'><em>μην,</em></span> <span class='ocrx_word' id='word_1_79' title='bbox 247 995 346 1048; x_wconf 88' lang='grc' dir='ltr'><em>τὸν</em></span> <span class='ocrx_word' id='word_1_80' title='bbox 387 992 436 1046; x_wconf 88' lang='grc' dir='ltr'><em>δ’</em></span> <span class='ocrx_word' id='word_1_81' title='bbox 482 991 930 1062; x_wconf 82' lang='grc' dir='ltr'><em>ἐνυμφοκόμουν,</em></span> <span class='ocrx_word' id='word_1_82' title='bbox 971 991 1186 1063; x_wconf 79' lang='grc' dir='ltr'><strong><em>ξίφους,</em></strong></span> <span class='ocrx_word' id='word_1_83' title='bbox 1227 997 1375 1062; x_wconf 78' lang='grc' dir='ltr'><em>οἴμοι</em></span> <span class='ocrx_word' id='word_1_84' title='bbox 1406 993 1497 1046; x_wconf 84' lang='grc' dir='ltr'><em>καὶ</em></span> <span class='ocrx_word' id='word_1_85' title='bbox 1530 993 1780 1062; x_wconf 83' lang='grc' dir='ltr'><em>σφαγέως</em></span> 
     </span>
     <span class='ocr_line' id='line_1_11' title="bbox 85 1076 1848 1153; baseline -0.001 -16"><span class='ocrx_word' id='word_1_86' title='bbox 85 1085 292 1153; x_wconf 76' lang='grc' dir='ltr'><em>ἅψομαι</em></span> <span class='ocrx_word' id='word_1_87' title='bbox 337 1081 427 1136; x_wconf 86' lang='grc' dir='ltr'><em>καὶ</em></span> <span class='ocrx_word' id='word_1_88' title='bbox 474 1084 707 1146; x_wconf 86' lang='grc' dir='ltr'><em>τούτους</em></span> <span class='ocrx_word' id='word_1_89' title='bbox 753 1082 974 1136; x_wconf 79' lang='grc' dir='ltr'><em>ἀνελεῖν</em></span> <span class='ocrx_word' id='word_1_90' title='bbox 1014 1081 1468 1151; x_wconf 77' lang='grc' dir='ltr'><em>ἐκβιασθήσομαι,</em></span> <span class='ocrx_word' id='word_1_91' title='bbox 1517 1081 1642 1151; x_wconf 81' lang='grc' dir='ltr'><em>παρ’</em></span> <span class='ocrx_word' id='word_1_92' title='bbox 1698 1076 1781 1145; x_wconf 85' lang='grc' dir='ltr'><em>οἷς</em></span> <span class='ocrx_word' id='word_1_93' title='bbox 1806 1109 1848 1141; x_wconf 86' lang='lat'><em>10</em></span> 
     </span>
     <span class='ocr_line' id='line_1_12' title="bbox 83 1169 1778 1242; baseline -0.001 -16"><span class='ocrx_word' id='word_1_94' title='bbox 83 1173 173 1226; x_wconf 80' lang='grc' dir='ltr'><em>καὶ</em></span> <span class='ocrx_word' id='word_1_95' title='bbox 226 1176 417 1240; x_wconf 89' lang='grc' dir='ltr'><em>μόνοις</em></span> <span class='ocrx_word' id='word_1_96' title='bbox 477 1174 573 1235; x_wconf 80' lang='grc' dir='ltr'><em>τὰς</em></span> <span class='ocrx_word' id='word_1_97' title='bbox 626 1171 887 1241; x_wconf 82' lang='grc' dir='ltr'><em>ἀμείνους</em></span> <span class='ocrx_word' id='word_1_98' title='bbox 940 1169 1175 1242; x_wconf 80' lang='grc' dir='ltr'><em>ἔτρεφον</em></span> <span class='ocrx_word' id='word_1_99' title='bbox 1230 1171 1479 1238; x_wconf 82' lang='grc' dir='ltr'><em>ἐλπίδας,</em></span> <span class='ocrx_word' id='word_1_100' title='bbox 1535 1172 1633 1235; x_wconf 87' lang='grc' dir='ltr'><em>οὓς</em></span> <span class='ocrx_word' id='word_1_101' title='bbox 1691 1171 1778 1225; x_wconf 84' lang='grc' dir='ltr'><em>ἐπὶ</em></span> 
     </span>
     <span class='ocr_line' id='line_1_13' title="bbox 81 1257 1780 1332; baseline 0 -17"><span class='ocrx_word' id='word_1_102' title='bbox 81 1263 293 1331; x_wconf 80' lang='grc' dir='ltr'><em>μακρὸν</em></span> <span class='ocrx_word' id='word_1_103' title='bbox 338 1264 538 1330; x_wconf 84' lang='grc' dir='ltr'><em>βιῶναι</em></span> <span class='ocrx_word' id='word_1_104' title='bbox 584 1264 714 1324; x_wconf 87' lang='grc' dir='ltr'><em>τοὺς</em></span> <span class='ocrx_word' id='word_1_105' title='bbox 761 1264 932 1324; x_wconf 80' lang='grc' dir='ltr'><em>θεοὺς</em></span> <span class='ocrx_word' id='word_1_106' title='bbox 987 1260 1311 1331; x_wconf 81' lang='grc' dir='ltr'><em>ἐλιπάρουν,</em></span> <span class='ocrx_word' id='word_1_107' title='bbox 1365 1259 1493 1332; x_wconf 80' lang='grc' dir='ltr'><em>παρ’</em></span> <span class='ocrx_word' id='word_1_108' title='bbox 1551 1257 1630 1315; x_wconf 83' lang='grc' dir='ltr'><em>ὧν</em></span> <span class='ocrx_word' id='word_1_109' title='bbox 1685 1263 1780 1325; x_wconf 80' lang='grc' dir='ltr'><em>τὰς</em></span> 
     </span>
     <span class='ocr_line' id='line_1_14' title="bbox 80 1349 1779 1420; baseline 0.001 -16"><span class='ocrx_word' id='word_1_110' title='bbox 80 1354 394 1414; x_wconf 82' lang='grc' dir='ltr'><em>τελευταίας</em></span> <span class='ocrx_word' id='word_1_111' title='bbox 434 1349 720 1420; x_wconf 81' lang='grc' dir='ltr'><em>ἐσχηκέναι</em></span> <span class='ocrx_word' id='word_1_112' title='bbox 759 1352 917 1420; x_wconf 83' lang='grc' dir='ltr'><em>τιμὰς</em></span> <span class='ocrx_word' id='word_1_113' title='bbox 963 1351 1054 1404; x_wconf 83' lang='grc' dir='ltr'><em>καὶ</em></span> <span class='ocrx_word' id='word_1_114' title='bbox 1100 1352 1271 1403; x_wconf 81' lang='grc' dir='ltr'><em>τᾶλλα</em></span> <span class='ocrx_word' id='word_1_115' title='bbox 1318 1351 1442 1404; x_wconf 82' lang='grc' dir='ltr'><em>ὅσια</em></span> <span class='ocrx_word' id='word_1_116' title='bbox 1480 1360 1593 1404; x_wconf 86' lang='grc' dir='ltr'><em>τῶν</em></span> <span class='ocrx_word' id='word_1_117' title='bbox 1633 1352 1779 1420; x_wconf 82' lang='grc' dir='ltr'><em>οἰχο-</em></span> 
     </span>
     <span class='ocr_line' id='line_1_15' title="bbox 80 1436 1776 1509; baseline 0 -15"><span class='ocrx_word' id='word_1_118' title='bbox 80 1439 275 1508; x_wconf 84' lang='grc' dir='ltr'><em>μένων.</em></span> <span class='ocrx_word' id='word_1_119' title='bbox 350 1439 431 1493; x_wconf 80' lang='lat'><em>15.</em></span> <span class='ocrx_word' id='word_1_120' title='bbox 472 1438 649 1494; x_wconf 79' lang='grc' dir='ltr'><em>ἔθυον</em></span> <span class='ocrx_word' id='word_1_121' title='bbox 695 1437 797 1509; x_wconf 76' lang='grc' dir='ltr'><em>μὲν</em></span> <span class='ocrx_word' id='word_1_122' title='bbox 845 1436 949 1493; x_wconf 87' lang='grc' dir='ltr'><em>οὖν</em></span> <span class='ocrx_word' id='word_1_123' title='bbox 993 1441 1099 1509; x_wconf 78' lang='grc' dir='ltr'><em>ἤδη</em></span> <span class='ocrx_word' id='word_1_124' title='bbox 1149 1442 1280 1503; x_wconf 84' lang='grc' dir='ltr'><em>τοὺς</em></span> <span class='ocrx_word' id='word_1_125' title='bbox 1326 1440 1538 1509; x_wconf 76' lang='grc' dir='ltr'><em>γάμους</em></span> <span class='ocrx_word' id='word_1_126' title='bbox 1583 1439 1675 1493; x_wconf 83' lang='grc' dir='ltr'><em>καὶ</em></span> <span class='ocrx_word' id='word_1_127' title='bbox 1714 1441 1776 1494; x_wconf 91' lang='grc' dir='ltr'><em>τὸ</em></span> 
     </span>
     <span class='ocr_line' id='line_1_16' title="bbox 81 1527 1844 1601; baseline 0.001 -18"><span class='ocrx_word' id='word_1_128' title='bbox 81 1532 352 1599; x_wconf 84' lang='grc' dir='ltr'><em>γαμήλιον</em></span> <span class='ocrx_word' id='word_1_129' title='bbox 390 1538 502 1601; x_wconf 75' lang='grc' dir='ltr'><em>πῦρ</em></span> <span class='ocrx_word' id='word_1_130' title='bbox 541 1529 879 1583; x_wconf 88' lang='grc' dir='ltr'><em>ὑπανάπτων</em></span> <span class='ocrx_word' id='word_1_131' title='bbox 918 1527 1142 1600; x_wconf 77' lang='grc' dir='ltr'><em>ἔχαιρον</em></span> <span class='ocrx_word' id='word_1_132' title='bbox 1182 1529 1210 1582; x_wconf 93' lang='grc' dir='ltr'>ὁ</span> <span class='ocrx_word' id='word_1_133' title='bbox 1242 1528 1355 1597; x_wconf 90' lang='grc' dir='ltr'><em>μετ’</em></span> <span class='ocrx_word' id='word_1_134' title='bbox 1395 1530 1463 1582; x_wconf 88' lang='grc' dir='ltr'><em>οὐ</em></span> <span class='ocrx_word' id='word_1_135' title='bbox 1501 1532 1643 1583; x_wconf 87' lang='grc' dir='ltr'><em>πολὺ</em></span> <span class='ocrx_word' id='word_1_136' title='bbox 1682 1531 1778 1593; x_wconf 78' lang='grc' dir='ltr'><em>τὰς</em></span> <span class='ocrx_word' id='word_1_137' title='bbox 1803 1553 1844 1587; x_wconf 86' lang='lat'><em>15</em></span> 
     </span>
     <span class='ocr_line' id='line_1_17' title="bbox 82 1616 1779 1691; baseline -0.001 -19"><span class='ocrx_word' id='word_1_138' title='bbox 82 1618 475 1682; x_wconf 84' lang='grc' dir='ltr'><em>ἐπιθανατίους</em></span> <span class='ocrx_word' id='word_1_139' title='bbox 537 1619 883 1689; x_wconf 78' lang='grc' dir='ltr'><em>ἀναψάμενος</em></span> <span class='ocrx_word' id='word_1_140' title='bbox 937 1620 1108 1691; x_wconf 78' lang='grc' dir='ltr'><em>δᾷδας</em></span> <span class='ocrx_word' id='word_1_141' title='bbox 1162 1618 1252 1672; x_wconf 81' lang='grc' dir='ltr'><em>καὶ</em></span> <span class='ocrx_word' id='word_1_142' title='bbox 1307 1619 1409 1687; x_wconf 82' lang='grc' dir='ltr'><em>τὴν</em></span> <span class='ocrx_word' id='word_1_143' title='bbox 1463 1616 1779 1687; x_wconf 76' lang='grc' dir='ltr'><em>ἑπικηδείαν</em></span> 
     </span>
     <span class='ocr_line' id='line_1_18' title="bbox 79 1705 1783 1782; baseline 0.001 -21"><span class='ocrx_word' id='word_1_144' title='bbox 79 1709 304 1778; x_wconf 83' lang='grc' dir='ltr'><em>πομπὴν</em></span> <span class='ocrx_word' id='word_1_145' title='bbox 343 1706 758 1776; x_wconf 80' lang='grc' dir='ltr'><em>ἑκπομπεύσων,</em></span> <span class='ocrx_word' id='word_1_146' title='bbox 800 1707 872 1771; x_wconf 81' lang='grc' dir='ltr'><em>ὡς</em></span> <span class='ocrx_word' id='word_1_147' title='bbox 913 1705 972 1762; x_wconf 77' lang='grc' dir='ltr'><em>δὲ</em></span> <span class='ocrx_word' id='word_1_148' title='bbox 1011 1709 1077 1761; x_wconf 81' lang='grc' dir='ltr'><em>τὰ</em></span> <span class='ocrx_word' id='word_1_149' title='bbox 1115 1715 1215 1762; x_wconf 86' lang='grc' dir='ltr'><em>τοῦ</em></span> <span class='ocrx_word' id='word_1_150' title='bbox 1256 1710 1435 1778; x_wconf 79' lang='grc' dir='ltr'><em>γάμου</em></span> <span class='ocrx_word' id='word_1_151' title='bbox 1476 1705 1546 1776; x_wconf 81' lang='grc' dir='ltr'><em>ἧν</em></span> <span class='ocrx_word' id='word_1_152' title='bbox 1585 1706 1674 1762; x_wconf 80' lang='grc' dir='ltr'><em>ἐπὶ</em></span> <span class='ocrx_word' id='word_1_153' title='bbox 1708 1715 1783 1782; x_wconf 79' lang='grc' dir='ltr'><em>τῷ</em></span> 
     </span>
    </p>
   </div>
   <div class='ocr_carea' id='block_1_3' title="bbox 1 1792 1778 1867">
    <p class='ocr_par' dir='ltr' id='par_1_3' title="bbox 1 1792 1778 1867">
     <span class='ocr_line' id='line_1_19' title="bbox 1 1792 1778 1867; baseline -0.001 -16"><span class='ocrx_word' id='word_1_154' title='bbox 1 1849 4 1852; x_wconf 72' lang='grc'>,</span> <span class='ocrx_word' id='word_1_155' title='bbox 79 1796 246 1866; x_wconf 79' lang='grc' dir='ltr'><em>τέλει,</em></span> <span class='ocrx_word' id='word_1_156' title='bbox 294 1795 561 1851; x_wconf 82' lang='grc' dir='ltr'><em>ἐντεῦθεν</em></span> <span class='ocrx_word' id='word_1_157' title='bbox 599 1797 627 1851; x_wconf 89' lang='grc' dir='ltr'>ὁ</span> <span class='ocrx_word' id='word_1_158' title='bbox 668 1795 768 1867; x_wconf 75' lang='grc' dir='ltr'><em>μὲν</em></span> <span class='ocrx_word' id='word_1_159' title='bbox 810 1792 918 1867; x_wconf 81' lang='grc' dir='ltr'><em>εἶχε</em></span> <span class='ocrx_word' id='word_1_160' title='bbox 965 1798 1026 1851; x_wconf 92' lang='grc' dir='ltr'><em>τὸ</em></span> <span class='ocrx_word' id='word_1_161' title='bbox 1072 1799 1385 1867; x_wconf 77' lang='grc' dir='ltr'><em>θυγάτριον</em></span> <span class='ocrx_word' id='word_1_162' title='bbox 1431 1797 1539 1851; x_wconf 88' lang='grc' dir='ltr'><em>ὑπὸ</em></span> <span class='ocrx_word' id='word_1_163' title='bbox 1587 1800 1778 1864; x_wconf 88' lang='grc' dir='ltr'><em>νόμοις</em></span> 
     </span>
    </p>
   </div>
   <div class='ocr_carea' id='block_1_4' title="bbox 80 1883 1865 2136">
    <p class='ocr_par' dir='ltr' id='par_1_4' title="bbox 80 1883 1865 2136">
     <span class='ocr_line' id='line_1_20' title="bbox 81 1883 1865 1958; baseline -0.002 -18"><span class='ocrx_word' id='word_1_164' title='bbox 81 1885 375 1956; x_wconf 80' lang='grc' dir='ltr'><em>ἀγόμενος,</em></span> <span class='ocrx_word' id='word_1_165' title='bbox 421 1887 575 1957; x_wconf 78' lang='grc' dir='ltr'><em>ἡμεῖς</em></span> <span class='ocrx_word' id='word_1_166' title='bbox 623 1883 684 1940; x_wconf 75' lang='grc' dir='ltr'><em>δὲ</em></span> <span class='ocrx_word' id='word_1_167' title='bbox 723 1885 812 1940; x_wconf 86' lang='grc' dir='ltr'><em>καὶ</em></span> <span class='ocrx_word' id='word_1_168' title='bbox 850 1887 1093 1950; x_wconf 82' lang='grc' dir='ltr'><em>υἱωνοὺς</em></span> <span class='ocrx_word' id='word_1_169' title='bbox 1133 1887 1544 1956; x_wconf 80' lang='grc' dir='ltr'><em>ὠνειρώττομεν</em></span> <span class='ocrx_word' id='word_1_170' title='bbox 1588 1884 1592 1958; x_wconf 77' lang='grc' dir='ltr'>Ι</span> <span class='ocrx_word' id='word_1_171' title='bbox 1643 1892 1865 1937; x_wconf 82' lang='lat' dir='ltr'><strong><em>R1V589</em></strong></span> 
     </span>
     <span class='ocr_line' id='line_1_21' title="bbox 80 1974 1844 2046; baseline 0.002 -18"><span class='ocrx_word' id='word_1_172' title='bbox 80 1975 290 2030; x_wconf 82' lang='grc' dir='ltr'><em>ἐπιδεῖν</em></span> <span class='ocrx_word' id='word_1_173' title='bbox 329 1977 381 2029; x_wconf 84' lang='grc' dir='ltr'><em>οἱ</em></span> <span class='ocrx_word' id='word_1_174' title='bbox 422 1974 533 2046; x_wconf 89' lang='grc' dir='ltr'><em>μετ’</em></span> <span class='ocrx_word' id='word_1_175' title='bbox 582 1976 649 2030; x_wconf 90' lang='grc' dir='ltr'><em>οὐ</em></span> <span class='ocrx_word' id='word_1_176' title='bbox 696 1978 840 2029; x_wconf 88' lang='grc' dir='ltr'><em>πολὺ</em></span> <span class='ocrx_word' id='word_1_177' title='bbox 887 1976 978 2030; x_wconf 79' lang='grc' dir='ltr'><em>καὶ</em></span> <span class='ocrx_word' id='word_1_178' title='bbox 1023 1977 1125 2044; x_wconf 88' lang='grc' dir='ltr'><em>τὴν</em></span> <span class='ocrx_word' id='word_1_179' title='bbox 1171 1978 1351 2045; x_wconf 84' lang='grc' dir='ltr'><em>μόνην</em></span> <span class='ocrx_word' id='word_1_180' title='bbox 1396 1977 1567 2029; x_wconf 89' lang='grc' dir='ltr'><em>παῖδα</em></span> <span class='ocrx_word' id='word_1_181' title='bbox 1605 1990 1776 2046; x_wconf 80' lang='grc' dir='ltr'><em>προσ·</em></span> <span class='ocrx_word' id='word_1_182' title='bbox 1801 1999 1844 2031; x_wconf 79' lang='lat'><em>20</em></span> 
     </span>
     <span class='ocr_line' id='line_1_22' title="bbox 80 2064 1775 2136; baseline 0 -18"><span class='ocrx_word' id='word_1_183' title='bbox 80 2064 438 2136; x_wconf 77' lang='grc' dir='ltr'><em>αφῃρημένοι.</em></span> <span class='ocrx_word' id='word_1_184' title='bbox 484 2067 565 2119; x_wconf 89' lang='grc'><em>16.</em></span> <span class='ocrx_word' id='word_1_185' title='bbox 598 2066 735 2134; x_wconf 78' lang='grc' dir='ltr'><em>αὕτη</em></span> <span class='ocrx_word' id='word_1_186' title='bbox 767 2075 879 2118; x_wconf 85' lang='grc' dir='ltr'><em>τῶν</em></span> <span class='ocrx_word' id='word_1_187' title='bbox 910 2065 1039 2119; x_wconf 81' lang='grc' dir='ltr'><em>καθ’</em></span> <span class='ocrx_word' id='word_1_188' title='bbox 1070 2066 1210 2134; x_wconf 83' lang='grc' dir='ltr'><em>ἡμᾶς</em></span> <span class='ocrx_word' id='word_1_189' title='bbox 1234 2065 1595 2135; x_wconf 79' lang='grc' dir='ltr'><em>ἀτυχημάτων</em></span> <span class='ocrx_word' id='word_1_190' title='bbox 1619 2065 1775 2135; x_wconf 77' lang='grc' dir='ltr'><em>ἀρχή,</em></span> 
     </span>
    </p>
   </div>
   <div class='ocr_carea' id='block_1_5' title="bbox 187 2172 436 2176">
    <p class='ocr_par' dir='ltr' id='par_1_5' title="bbox 187 2172 436 2176">
     <span class='ocr_line' id='line_1_23' title="bbox 187 2172 436 2176; baseline 0 0"><span class='ocrx_word' id='word_1_191' title='bbox 187 2172 436 2176; x_wconf 95' lang='lat' dir='ltr'><em> </em></span> 
     </span>
    </p>
   </div>
   <div class='ocr_carea' id='block_1_6' title="bbox 201 2227 645 2272">
    <p class='ocr_par' dir='ltr' id='par_1_6' title="bbox 201 2227 645 2272">
     <span class='ocr_line' id='line_1_24' title="bbox 201 2227 645 2272; baseline 0 -1"><span class='ocrx_word' id='word_1_192' title='bbox 201 2233 253 2271; x_wconf 89' lang='grc'><em>16</em></span> <span class='ocrx_word' id='word_1_193' title='bbox 287 2227 391 2272; x_wconf 83' lang='lat' dir='ltr'>Eur.</span> <span class='ocrx_word' id='word_1_194' title='bbox 426 2227 531 2271; x_wconf 85' lang='lat' dir='ltr'>Tro.</span> <span class='ocrx_word' id='word_1_195' title='bbox 559 2232 645 2271; x_wconf 85' lang='lat'><em>514</em></span> 
     </span>
    </p>
   </div>
   <div class='ocr_carea' id='block_1_7' title="bbox 80 2321 238 2326">
    <p class='ocr_par' dir='ltr' id='par_1_7' title="bbox 80 2321 238 2326">
     <span class='ocr_line' id='line_1_25' title="bbox 80 2321 238 2326; baseline 0 0"><span class='ocrx_word' id='word_1_196' title='bbox 80 2321 238 2326; x_wconf 95' lang='lat' dir='ltr'><em> </em></span> 
     </span>
    </p>
   </div>
   <div class='ocr_carea' id='block_1_8' title="bbox 242 2322 434 2325">
    <p class='ocr_par' dir='ltr' id='par_1_8' title="bbox 242 2322 434 2325">
     <span class='ocr_line' id='line_1_26' title="bbox 242 2322 434 2325; baseline 0 0"><span class='ocrx_word' id='word_1_197' title='bbox 242 2322 434 2325; x_wconf 95' lang='lat' dir='ltr'><em> </em></span> 
     </span>
    </p>
   </div>
   <div class='ocr_carea' id='block_1_9' title="bbox 78 2374 1774 3024">
    <p class='ocr_par' dir='ltr' id='par_1_9' title="bbox 78 2374 1774 2848">
     <span class='ocr_line' id='line_1_27' title="bbox 200 2374 1774 2432; baseline 0.001 -13"><span class='ocrx_word' id='word_1_198' title='bbox 200 2381 222 2419; x_wconf 81' lang='lat'><strong>7</strong></span> <span class='ocrx_word' id='word_1_199' title='bbox 257 2376 473 2421; x_wconf 77' lang='grc' dir='ltr'><em>ἀτέλεστα</em></span> <span class='ocrx_word' id='word_1_200' title='bbox 506 2375 672 2432; x_wconf 80' lang='lat' dir='ltr'><strong>scripsi</strong></span> <span class='ocrx_word' id='word_1_201' title='bbox 705 2390 728 2419; x_wconf 86' lang='lat' dir='ltr'>e</span> <span class='ocrx_word' id='word_1_202' title='bbox 758 2377 846 2420; x_wconf 87' lang='lat' dir='ltr'><em>Ma</em></span> <span class='ocrx_word' id='word_1_203' title='bbox 858 2376 914 2421; x_wconf 81' lang='lat' dir='ltr'><em>Vi</em></span> <span class='ocrx_word' id='word_1_204' title='bbox 981 2374 1202 2421; x_wconf 84' lang='grc' dir='ltr'><em>ἀτέλευτα</em></span> <span class='ocrx_word' id='word_1_205' title='bbox 1229 2377 1282 2421; x_wconf 78' lang='grc' dir='ltr'><em>Οἱ</em></span> <span class='ocrx_word' id='word_1_206' title='bbox 1354 2375 1630 2432; x_wconf 83' lang='grc' dir='ltr'><em>ἀτελεύτητα</em></span> <span class='ocrx_word' id='word_1_207' title='bbox 1654 2377 1774 2420; x_wconf 90' lang='lat' dir='ltr'><em>LPa</em></span> 
     </span>
     <span class='ocr_line' id='line_1_28' title="bbox 80 2433 1774 2492; baseline -0.001 -12"><span class='ocrx_word' id='word_1_208' title='bbox 80 2436 205 2480; x_wconf 91' lang='lat' dir='ltr'><em>BVa</em></span> <span class='ocrx_word' id='word_1_209' title='bbox 236 2435 327 2478; x_wconf 87' lang='lat' dir='ltr'><em>edd</em></span> <span class='ocrx_word' id='word_1_210' title='bbox 450 2441 475 2479; x_wconf 84' lang='lat'>9</span> <span class='ocrx_word' id='word_1_211' title='bbox 507 2433 589 2479; x_wconf 89' lang='grc' dir='ltr'><em>τόν</em></span> <span class='ocrx_word' id='word_1_212' title='bbox 621 2433 666 2479; x_wconf 86' lang='grc' dir='ltr'><em>δ’</em></span> <span class='ocrx_word' id='word_1_213' title='bbox 707 2436 774 2480; x_wconf 89' lang='lat' dir='ltr'><em>Va</em></span> <span class='ocrx_word' id='word_1_214' title='bbox 812 2437 818 2492; x_wconf 86' lang='grc' dir='ltr'>Ι</span> <span class='ocrx_word' id='word_1_215' title='bbox 856 2434 1070 2492; x_wconf 79' lang='grc' dir='ltr'><em>σφαγέως</em></span> <span class='ocrx_word' id='word_1_216' title='bbox 1099 2436 1288 2492; x_wconf 81' lang='lat' dir='ltr'>reposui</span> <span class='ocrx_word' id='word_1_217' title='bbox 1320 2449 1345 2479; x_wconf 85' lang='lat' dir='ltr'>e</span> <span class='ocrx_word' id='word_1_218' title='bbox 1377 2435 1508 2479; x_wconf 84' lang='lat' dir='ltr'>libris</span> <span class='ocrx_word' id='word_1_219' title='bbox 1572 2433 1774 2491; x_wconf 77' lang='grc' dir='ltr'><em>σφαγέος</em></span> 
     </span>
     <span class='ocr_line' id='line_1_29' title="bbox 79 2491 1773 2553; baseline 0 -15"><span class='ocrx_word' id='word_1_220' title='bbox 79 2494 170 2538; x_wconf 82' lang='lat' dir='ltr'><em>edd</em></span> <span class='ocrx_word' id='word_1_221' title='bbox 293 2500 347 2538; x_wconf 91' lang='lat'><em>10</em></span> <span class='ocrx_word' id='word_1_222' title='bbox 381 2494 652 2553; x_wconf 76' lang='grc' dir='ltr'><em>ἑκβιάσομαι</em></span> <span class='ocrx_word' id='word_1_223' title='bbox 680 2496 766 2538; x_wconf 85' lang='lat' dir='ltr'><em>Ma</em></span> <span class='ocrx_word' id='word_1_224' title='bbox 797 2495 802 2550; x_wconf 87' lang='grc' dir='ltr'>Ι</span> <span class='ocrx_word' id='word_1_225' title='bbox 829 2492 942 2549; x_wconf 81' lang='grc' dir='ltr'><em>παρ’</em></span> <span class='ocrx_word' id='word_1_226' title='bbox 980 2491 1050 2545; x_wconf 78' lang='grc' dir='ltr'><em>οἷς</em></span> <span class='ocrx_word' id='word_1_227' title='bbox 1081 2509 1157 2539; x_wconf 90' lang='lat' dir='ltr'><em>om</em></span> <span class='ocrx_word' id='word_1_228' title='bbox 1191 2496 1248 2539; x_wconf 77' lang='lat' dir='ltr'><em>Vi</em></span> <span class='ocrx_word' id='word_1_229' title='bbox 1282 2497 1411 2551; x_wconf 57' lang='lat' dir='ltr'><em>„fort</em></span> <span class='ocrx_word' id='word_1_230' title='bbox 1438 2492 1552 2549; x_wconf 82' lang='grc' dir='ltr'><em>παρ’</em></span> <span class='ocrx_word' id='word_1_231' title='bbox 1582 2493 1663 2544; x_wconf 75' lang='grc' dir='ltr'><em>οὓς</em></span> <span class='ocrx_word' id='word_1_232' title='bbox 1693 2496 1773 2538; x_wconf 84' lang='grc' dir='ltr'><em>καὶ</em></span> 
     </span>
     <span class='ocr_line' id='line_1_30' title="bbox 80 2552 1772 2611; baseline -0.001 -14"><span class='ocrx_word' id='word_1_233' title='bbox 80 2553 277 2610; x_wconf 81' lang='grc' dir='ltr'><em>μόνους“</em></span> <span class='ocrx_word' id='word_1_234' title='bbox 314 2554 381 2598; x_wconf 81' lang='lat' dir='ltr'><em>Re</em></span> <span class='ocrx_word' id='word_1_235' title='bbox 503 2559 555 2597; x_wconf 93' lang='grc'><em>11</em></span> <span class='ocrx_word' id='word_1_236' title='bbox 590 2554 751 2610; x_wconf 88' lang='grc' dir='ltr'><em>μόνοις</em></span> <span class='ocrx_word' id='word_1_237' title='bbox 783 2554 841 2597; x_wconf 78' lang='lat' dir='ltr'><em>Vi</em></span> <span class='ocrx_word' id='word_1_238' title='bbox 872 2554 952 2597; x_wconf 83' lang='lat' dir='ltr'><em>sed</em></span> <span class='ocrx_word' id='word_1_239' title='bbox 986 2552 1146 2611; x_wconf 87' lang='grc' dir='ltr'><em>νόμοις</em></span> <span class='ocrx_word' id='word_1_240' title='bbox 1177 2568 1394 2610; x_wconf 82' lang='lat' dir='ltr'>suprascr</span> <span class='ocrx_word' id='word_1_241' title='bbox 1426 2557 1432 2609; x_wconf 89' lang='grc' dir='ltr'>Ι</span> <span class='ocrx_word' id='word_1_242' title='bbox 1471 2552 1693 2611; x_wconf 82' lang='grc' dir='ltr'><em>ἀμείνους</em></span> <span class='ocrx_word' id='word_1_243' title='bbox 1723 2554 1772 2596; x_wconf 90' lang='lat' dir='ltr'><em>in</em></span> 
     </span>
     <span class='ocr_line' id='line_1_31' title="bbox 79 2611 1772 2671; baseline 0.001 -16"><span class='ocrx_word' id='word_1_244' title='bbox 79 2626 213 2670; x_wconf 82' lang='lat' dir='ltr'><em>marg</em></span> <span class='ocrx_word' id='word_1_245' title='bbox 228 2613 354 2657; x_wconf 81' lang='lat' dir='ltr'>inser</span> <span class='ocrx_word' id='word_1_246' title='bbox 372 2615 460 2658; x_wconf 88' lang='lat' dir='ltr'><em>Ma</em></span> <span class='ocrx_word' id='word_1_247' title='bbox 487 2617 494 2669; x_wconf 85' lang='grc' dir='ltr'>Ι</span> <span class='ocrx_word' id='word_1_248' title='bbox 523 2611 713 2665; x_wconf 79' lang='grc' dir='ltr'><em>ἐλπίδας</em></span> <span class='ocrx_word' id='word_1_249' title='bbox 738 2613 934 2668; x_wconf 81' lang='grc' dir='ltr'><em>ἔτρεφον</em></span> <span class='ocrx_word' id='word_1_250' title='bbox 954 2615 1044 2657; x_wconf 88' lang='grc' dir='ltr'><em>Μα</em></span> <span class='ocrx_word' id='word_1_251' title='bbox 1071 2615 1076 2669; x_wconf 94' lang='grc' dir='ltr'>Ι</span> <span class='ocrx_word' id='word_1_252' title='bbox 1105 2614 1363 2671; x_wconf 80' lang='grc' dir='ltr'><em>ἐπιμακρὸν</em></span> <span class='ocrx_word' id='word_1_253' title='bbox 1382 2614 1440 2656; x_wconf 81' lang='lat' dir='ltr'><em>Vi</em></span> <span class='ocrx_word' id='word_1_254' title='bbox 1563 2616 1615 2655; x_wconf 84' lang='lat'><em>13</em></span> <span class='ocrx_word' id='word_1_255' title='bbox 1643 2613 1772 2670; x_wconf 79' lang='grc' dir='ltr'><em>ἐσχη-</em></span> 
     </span>
     <span class='ocr_line' id='line_1_32' title="bbox 79 2672 1773 2731; baseline -0.001 -15"><span class='ocrx_word' id='word_1_256' title='bbox 79 2672 230 2731; x_wconf 81' lang='grc' dir='ltr'><em>κέναι]</em></span> <span class='ocrx_word' id='word_1_257' title='bbox 260 2687 425 2729; x_wconf 75' lang='lat' dir='ltr'><strong><em>„neque</em></strong></span> <span class='ocrx_word' id='word_1_258' title='bbox 448 2678 622 2728; x_wconf 79' lang='lat' dir='ltr'><strong><em>tempus</em></strong></span> <span class='ocrx_word' id='word_1_259' title='bbox 645 2674 944 2729; x_wconf 78' lang='lat' dir='ltr'><strong><em>praeteritum</em></strong></span> <span class='ocrx_word' id='word_1_260' title='bbox 976 2675 1195 2727; x_wconf 80' lang='lat' dir='ltr'><em>convenit,</em></span> <span class='ocrx_word' id='word_1_261' title='bbox 1222 2676 1452 2729; x_wconf 81' lang='lat' dir='ltr'><strong><em>(futurum</em></strong></span> <span class='ocrx_word' id='word_1_262' title='bbox 1476 2673 1636 2716; x_wconf 83' lang='lat' dir='ltr'><em>melius</em></span> <span class='ocrx_word' id='word_1_263' title='bbox 1660 2686 1773 2726; x_wconf 79' lang='lat' dir='ltr'><strong><em>qua-</em></strong></span> 
     </span>
     <span class='ocr_line' id='line_1_33' title="bbox 78 2730 1770 2789; baseline 0 -15"><span class='ocrx_word' id='word_1_264' title='bbox 78 2731 251 2787; x_wconf 84' lang='lat' dir='ltr'><strong><em>draret)</em></strong></span> <span class='ocrx_word' id='word_1_265' title='bbox 292 2738 335 2777; x_wconf 84' lang='lat' dir='ltr'><em>et</em></span> <span class='ocrx_word' id='word_1_266' title='bbox 363 2732 482 2776; x_wconf 85' lang='lat' dir='ltr'><strong><em>deest</em></strong></span> <span class='ocrx_word' id='word_1_267' title='bbox 519 2732 722 2788; x_wconf 78' lang='lat' dir='ltr'><strong><em>aliquid,</em></strong></span> <span class='ocrx_word' id='word_1_268' title='bbox 754 2746 787 2775; x_wconf 87' lang='lat' dir='ltr'><em>e.</em></span> <span class='ocrx_word' id='word_1_269' title='bbox 821 2746 856 2776; x_wconf 86' lang='lat' dir='ltr'><em>c.</em></span> <span class='ocrx_word' id='word_1_270' title='bbox 901 2730 1227 2786; x_wconf 83' lang='grc' dir='ltr'><em>προσεδόκων“</em></span> <span class='ocrx_word' id='word_1_271' title='bbox 1271 2733 1338 2776; x_wconf 82' lang='lat' dir='ltr'><em>Re</em></span> <span class='ocrx_word' id='word_1_272' title='bbox 1414 2747 1526 2775; x_wconf 90' lang='lat' dir='ltr'><em>num</em></span> <span class='ocrx_word' id='word_1_273' title='bbox 1559 2731 1770 2789; x_wconf 79' lang='grc' dir='ltr'><em>(ἐχρῆν)</em></span> 
     </span>
     <span class='ocr_line' id='line_1_34' title="bbox 79 2789 1772 2848; baseline -0.001 -15"><span class='ocrx_word' id='word_1_274' title='bbox 79 2789 350 2848; x_wconf 68' lang='grc' dir='ltr'><em>ἐσχηκέναιῗ</em></span> <span class='ocrx_word' id='word_1_275' title='bbox 378 2792 384 2847; x_wconf 90' lang='grc'><strong>1</strong></span> <span class='ocrx_word' id='word_1_276' title='bbox 411 2789 536 2835; x_wconf 75' lang='grc' dir='ltr'><em>τᾶλλ’</em></span> <span class='ocrx_word' id='word_1_277' title='bbox 567 2793 687 2835; x_wconf 87' lang='lat' dir='ltr'><em>LPa</em></span> <span class='ocrx_word' id='word_1_278' title='bbox 719 2790 809 2834; x_wconf 78' lang='lat' dir='ltr'><em>edd</em></span> <span class='ocrx_word' id='word_1_279' title='bbox 949 2796 1003 2834; x_wconf 86' lang='lat'><em>14</em></span> <span class='ocrx_word' id='word_1_280' title='bbox 1035 2790 1210 2847; x_wconf 81' lang='grc' dir='ltr'><em>γάμους</em></span> <span class='ocrx_word' id='word_1_281' title='bbox 1234 2793 1308 2835; x_wconf 89' lang='grc' dir='ltr'><em>Ρα</em></span> <span class='ocrx_word' id='word_1_282' title='bbox 1339 2791 1421 2835; x_wconf 84' lang='lat' dir='ltr'><em>sed</em></span> <span class='ocrx_word' id='word_1_283' title='bbox 1452 2808 1480 2847; x_wconf 90' lang='grc' dir='ltr'><em>μ</em></span> <span class='ocrx_word' id='word_1_284' title='bbox 1515 2790 1563 2833; x_wconf 89' lang='lat' dir='ltr'><em>in</em></span> <span class='ocrx_word' id='word_1_285' title='bbox 1595 2803 1670 2832; x_wconf 84' lang='lat' dir='ltr'><em>ras</em></span> <span class='ocrx_word' id='word_1_286' title='bbox 1702 2790 1772 2832; x_wconf 62' lang='grc' dir='ltr'><em>ω’</em></span> 
     </span>
    </p>

    <p class='ocr_par' dir='ltr' id='par_1_10' title="bbox 79 2848 1769 3024">
     <span class='ocr_line' id='line_1_35' title="bbox 200 2848 1653 2918; baseline 0 -25"><span class='ocrx_word' id='word_1_287' title='bbox 200 2855 253 2893; x_wconf 89' lang='grc'><strong>16</strong></span> <span class='ocrx_word' id='word_1_288' title='bbox 286 2849 592 2918; x_wconf 46' lang='grc' dir='ltr'><em>ἀναψάμενος</em></span> <span class='ocrx_word' id='word_1_289' title='bbox 614 2850 952 2895; x_wconf 74' lang='lat' dir='ltr'><strong><em>PaMaCcViB</em></strong></span> <span class='ocrx_word' id='word_1_290' title='bbox 965 2851 1031 2895; x_wconf 88' lang='lat' dir='ltr'><em>Va</em></span> <span class='ocrx_word' id='word_1_291' title='bbox 1063 2850 1174 2893; x_wconf 77' lang='lat' dir='ltr'><em>Fen·</em></span> <span class='ocrx_word' id='word_1_292' title='bbox 1208 2851 1214 2909; x_wconf 90' lang='grc' dir='ltr'>Ι</span> <span class='ocrx_word' id='word_1_293' title='bbox 1254 2851 1328 2895; x_wconf 78' lang='grc' dir='ltr'><em>ἐπὶ</em></span> <span class='ocrx_word' id='word_1_294' title='bbox 1356 2848 1551 2906; x_wconf 85' lang='grc' dir='ltr'><em>κηδείαν</em></span> <span class='ocrx_word' id='word_1_295' title='bbox 1584 2849 1653 2893; x_wconf 87' lang='lat' dir='ltr'><em>Va</em></span> 
     </span>
     <span class='ocr_line' id='line_1_36' title="bbox 82 2907 1769 2966; baseline -0.001 -15"><span class='ocrx_word' id='word_1_296' title='bbox 82 2913 136 2952; x_wconf 90' lang='lat'><em>18</em></span> <span class='ocrx_word' id='word_1_297' title='bbox 169 2908 389 2953; x_wconf 81' lang='grc' dir='ltr'><em>ἐντεῦθεν</em></span> <span class='ocrx_word' id='word_1_298' title='bbox 418 2909 468 2952; x_wconf 88' lang='lat' dir='ltr'><em>in</em></span> <span class='ocrx_word' id='word_1_299' title='bbox 498 2923 632 2966; x_wconf 79' lang='lat' dir='ltr'><em>marg</em></span> <span class='ocrx_word' id='word_1_300' title='bbox 656 2911 701 2953; x_wconf 91' lang='lat' dir='ltr'><em>B</em></span> <span class='ocrx_word' id='word_1_301' title='bbox 741 2910 747 2965; x_wconf 84' lang='grc' dir='ltr'>Ι</span> <span class='ocrx_word' id='word_1_302' title='bbox 775 2907 921 2966; x_wconf 79' lang='grc' dir='ltr'><em>εἴχετο</em></span> <span class='ocrx_word' id='word_1_303' title='bbox 954 2909 1056 2952; x_wconf 87' lang='lat' dir='ltr'><em>Mor</em></span> <span class='ocrx_word' id='word_1_304' title='bbox 1178 2915 1231 2953; x_wconf 83' lang='grc'><strong>19</strong></span> <span class='ocrx_word' id='word_1_305' title='bbox 1266 2911 1461 2959; x_wconf 82' lang='grc' dir='ltr'><em>οἰωνοὺς</em></span> <span class='ocrx_word' id='word_1_306' title='bbox 1488 2910 1576 2952; x_wconf 89' lang='grc' dir='ltr'><em>Μα</em></span> <span class='ocrx_word' id='word_1_307' title='bbox 1589 2909 1656 2952; x_wconf 92' lang='lat' dir='ltr'><em>Va</em></span> <span class='ocrx_word' id='word_1_308' title='bbox 1688 2907 1769 2951; x_wconf 82' lang='lat' dir='ltr'><em>sed</em></span> 
     </span>
     <span class='ocr_line' id='line_1_37' title="bbox 79 2967 1717 3024; baseline 0.001 -13"><span class='ocrx_word' id='word_1_309' title='bbox 79 2967 128 3011; x_wconf 91' lang='lat' dir='ltr'><em>in</em></span> <span class='ocrx_word' id='word_1_310' title='bbox 159 2967 248 3013; x_wconf 86' lang='lat' dir='ltr'><em>hoc</em></span> <span class='ocrx_word' id='word_1_311' title='bbox 279 2968 325 3012; x_wconf 88' lang='grc' dir='ltr'><em>οἰ</em></span> <span class='ocrx_word' id='word_1_312' title='bbox 354 2968 403 3011; x_wconf 91' lang='lat' dir='ltr'><em>in</em></span> <span class='ocrx_word' id='word_1_313' title='bbox 435 2967 482 3012; x_wconf 83' lang='grc' dir='ltr'><em>υἱ</em></span> <span class='ocrx_word' id='word_1_314' title='bbox 515 2982 616 3012; x_wconf 84' lang='lat' dir='ltr'>corr</span> <span class='ocrx_word' id='word_1_315' title='bbox 642 2969 648 3024; x_wconf 90' lang='grc' dir='ltr'>Ι</span> <span class='ocrx_word' id='word_1_316' title='bbox 677 2968 1005 3023; x_wconf 81' lang='grc' dir='ltr'><em>ὀνειρώττομεν</em></span> <span class='ocrx_word' id='word_1_317' title='bbox 1029 2970 1075 3012; x_wconf 86' lang='grc' dir='ltr'><strong><em>Β</em></strong></span> <span class='ocrx_word' id='word_1_318' title='bbox 1714 2970 1717 2972; x_wconf 72' lang='grc'><strong>’</strong></span> 
     </span>
    </p>
   </div>
  </div>
 </body>
</html>
