2044 3168
224 127 331 181 174
394 134 397 137 ’
809 126 1104 173 GREGORII
1134 126 1337 173 CYPRII

220 262 642 332 ἀπελεγχθέντα.
682 262 788 331 ἐγὼ
830 262 881 316 δ’
926 265 1028 318 οὐκ
1066 264 1310 333 ἠμέλουν
1351 261 1470 317 οὐδ’
1518 263 1916 332 ἀπεγίνωσκον.

218 349 299 405 ἔτι
331 353 435 420 γὰρ
470 352 709 405 ἐλείπετό
740 372 834 422 μοι
867 353 987 422 ἱερά
1010 372 1093 415 τις
1117 355 1345 423 ἄγκυρα,
1374 353 1407 421 ἡ
1431 354 1644 406 θεόθεν
1667 355 1915 421 βοήθεια.

217 442 354 509 πρὸς
407 441 478 510 ἣν
525 440 754 494 ἄπεῖδον
800 441 1182 511 ἀπαγορεύσας
1227 451 1339 495 τῶν
1386 443 1584 495 ἄλλων.
1648 439 1914 510 ἱκέτευσα,

219 527 484 598 ἐδεήθην,
532 532 756 583 ἔσπεισα
796 531 1034 600 δάκρυα,
1082 529 1322 584 ἐλεεινὸν
1362 529 1600 598 ἐμαυτὸν
1637 528 1915 598 παρέσχον

175 640 194 672 5
219 618 310 672 καὶ
348 624 505 682 θεοῖς
535 619 627 672 καὶ
658 619 993 688 ἀνθρώποις.
1046 613 1161 672 εἶτα
1191 619 1283 673 καὶ
1313 620 1586 672 τάλαντον
1618 617 1912 689 ἀφιέρωσα.

218 709 267 761 εἰ
300 708 362 761 δὲ
388 706 490 761 καὶ
530 712 723 762 πλεῖον
756 710 867 761 ἔδει
899 714 1235 778 προσθεῖναι
1265 709 1368 777 τὴν
1400 710 1675 777 σωτηρίαν
1708 705 1914 776 ἐγγυω-

216 796 387 864 μένου
427 799 595 865 τινός,
635 796 976 867 προσέθηκα,
1014 797 1202 866 πάτερ,
1244 793 1305 850 εὖ
1341 802 1480 864 ἴσθι,
1519 793 1694 865 μηδὲν
1726 796 1912 858 δείσας

217 887 318 954 τὴν
358 887 462 954 σὴν
501 886 886 955 ἀγανάκτησιν.

330 974 415 1028 63.
455 973 566 1028 Καὶ
605 977 663 1028 τί
705 973 830 1042 περὶ
876 975 1149 1027 ταλάντου
1188 979 1513 1045 μακρολογῶ
1560 972 1652 1027 καὶ
1699 981 1912 1043 χρυσοῦ

152 1084 195 1117 ιο
217 1062 308 1116 καὶ
349 1066 644 1133 φλυαρίας;
700 1066 989 1126 αἰτοῦντος
1027 1062 1163 1132 κάμὲ
1208 1068 1364 1132 θῦμα
1403 1065 1594 1130 λαβεῖν
1632 1071 1732 1116 τοῦ
1770 1068 1911 1116 θεοῦ

218 1152 321 1205 οὐκ
367 1151 437 1205 ἂν
482 1154 879 1223 παρῃτησάμην
924 1160 1024 1206 τοῦ
1078 1154 1150 1221 μὴ
1199 1151 1466 1216 δέξασθαι
1495 1153 1619 1220 ιτὴν
1674 1154 1910 1220 σφαγήν.

218 1241 394 1304 οὕτως
434 1241 539 1310 ἐγὼ
579 1245 871 1311 πρόθυμος
908 1242 973 1295 τὰ
1012 1243 1190 1294 πάντα
1222 1242 1426 1311 ῥᾳδίως
1464 1241 1554 1294 καὶ
1587 1241 1787 1309 δρᾶσαι
1817 1239 1910 1293 καὶ

216 1336 423 1383 παθεῖν
461 1328 599 1401 ὑπὲρ
641 1338 759 1384 σοῦ.
814 1331 904 1383 καὶ
951 1332 1055 1400 γὰρ
1102 1331 1308 1399 ἥγημαι
1356 1331 1475 1383 δεῖν
1521 1326 1664 1383 εἶναι
1711 1330 1911 1392 παῖδας

216 1429 328 1472 τῶν
366 1419 619 1489 πατέρων
658 1419 845 1473 ἕνεκεν
877 1421 1257 1490 διακαρτερεῖν
1289 1419 1389 1488 οὐχ
1423 1420 1525 1472 ὅσα
1555 1419 1693 1488 ὑπὲρ
1727 1419 1911 1471 αὐτῶν

150 1529 191 1562 15
216 1516 544 1578 καρτεροῦσι
582 1508 826 1579 πατέρες,
865 1508 1003 1562 ἀλλὰ
1033 1512 1219 1580 πολλῷ
1250 1511 1409 1575 μείζω
1442 1507 1533 1561 καὶ
1566 1509 1909 1577 ἰσχυρότερα,

216 1602 368 1667 εἴπερ
411 1597 640 1660 ἐκείνοις
677 1595 852 1666 μηδὲν
883 1604 1256 1667 χρεωστοῦσιν
1294 1596 1426 1665 ἡμῖν
1458 1596 1603 1663 ὅμως
1633 1597 1699 1649 τὰ
1729 1596 1909 1650 πάντα

215 1691 479 1755 τολμᾶται
519 1687 684 1756 χωρὶς
721 1694 820 1740 τοῦ
862 1695 1123 1756 γεννῆσαι
1162 1683 1335 1754 μηδὲν
1374 1687 1538 1748 ὄντας
1586 1686 1687 1754 τὴν
1733 1685 1908 1755 ἀρχὴν

215 1773 306 1828 καὶ
351 1774 559 1843 θρέψαι
606 1773 697 1827 καὶ
743 1776 1062 1842 παιδεῦσαι,
1109 1774 1241 1844 ἡμῖν
1289 1772 1349 1827 δὲ
1398 1774 1536 1844 μέγα
1581 1775 1643 1828 τὸ
1688 1776 1907 1843 ὄφλημα

215 1865 352 1934 πρὸς
400 1864 600 1927 αὐτοὺς
642 1863 859 1918 ἐκεῖθεν
903 1863 1061 1917 πάντ’
1114 1866 1381 1933 εἰληφόσι.
1443 1862 1534 1916 καὶ
1587 1862 1798 1933 πρέπον
1844 1881 1907 1930 γε

149 1974 192 2006 20
216 1954 288 2022 μὴ
328 1953 389 2006 ἐν
427 1953 742 2024 προαιρέσει
782 1959 1004 2006 κεῖσθαι
1043 1956 1301 2021 νομίζειν,
1342 1952 1403 2005 ἐν
1438 1952 1647 2022 ἀνάγκῃ
1681 1952 1742 2004 δὲ
1772 1955 1906 2020 μᾶλ-

217 2046 317 2095 λον
355 2044 453 2096 τὸν
483 2039 623 2112 ὑπὲρ
655 2041 882 2096 ἐκείνων
914 2042 1116 2110 ἀγῶνα.
1156 2041 1241 2095 64.
1275 2039 1405 2094 ἀνθ’
1443 2035 1522 2093 ὧν
1552 2041 1906 2109 ἠγωνισάμην

216 2131 306 2184 καὶ
368 2132 557 2198 αὐτός,
620 2132 694 2194 ὡς
754 2132 987 2198 μάλιστα
1049 2129 1354 2200 συμφέρειν
1408 2129 1627 2201 ᾠήθην,
1682 2129 1767 2200 οὐΓ
1801 2136 1908 2181 νῦν

214 2221 443 2289 πρώτως
483 2222 743 2289 φρόνημα
779 2227 1000 2273 τοιοῦτο
1042 2220 1227 2287 λαβὼν
1266 2219 1403 2272 ὥστε
1440 2217 1618 2271 πάντα
1647 2220 1905 2284 γίνεσθαι

215 2313 290 2379 τῷ
337 2309 501 2378 πατρὶ
542 2308 602 2362 ἐν
650 2316 840 2380 καιρῷ,
895 2308 1032 2361 ἀλλὰ
1077 2309 1212 2375 μετὰ
1263 2309 1428 2361 τοῦδε
1480 2307 1655 2368 πάσας
1703 2305 1906 2374 ἡμέρας

149 2417 191 2450 25
217 2396 706 2466 ἀναστρεφόμενος.
759 2398 854 2450 καί
889 2416 976 2464 γε,
1021 2397 1161 2464 πρὸς
1199 2400 1546 2464 Ἀσκληπιοῦ,
1591 2394 1786 2463 πάτερ,
1834 2396 1903 2447 σύ

215 2506 309 2554 μοι
372 2485 494 2553 λέγε
549 2484 640 2537 καὶ
694 2487 878 2538 τοῖσδε
933 2486 1031 2538 τὸν
1085 2484 1219 2554 ε’μὸν
1271 2486 1502 2554 τρόπον,
1557 2477 1674 2545 οἷος
1728 2483 1904 2546 εὐθὺς

217 2572 271 2637 ἐξ
304 2573 474 2643 ἀρχῆς
513 2571 599 2643 ἦν,
639 2575 710 2636 ὡς
749 2574 982 2626 συνετὸν
1015 2574 1209 2626 αὐτίκα
1240 2583 1504 2642 παρεῖχον
1536 2570 1775 2640 ἐμαυτὸν
1812 2572 1903 2624 καὶ

216 2664 399 2732 πραὺν
437 2660 541 2714 κάν
579 2670 696 2723 τοῖς
733 2664 915 2729 ἔργοις
954 2661 1058 2715 κάν
1094 2671 1212 2723 ταῖς
1259 2660 1521 2729 ὁμιλίαις,
1568 2660 1701 2713 ὅταν
1747 2659 1902 2728 ἐτύγ-

216 2770 388 2819 χανον
445 2751 581 2818 πρὸς
626 2750 767 2816 ὑμᾶς
815 2752 1197 2819 φθεγγόμενος
1243 2751 1371 2811 τοὺς
1424 2756 1607 2817 γονεῖς
1661 2750 1794 2817 μήτε
1839 2749 1901 2801 τὸ

336 2944 357 2982 1
393 2939 444 2982 δὲ
470 2941 513 2982 L
637 2943 690 2982 16
725 2937 851 2982 ὅπωσ
875 2940 918 2982 L
1041 2943 1094 2982 27
1128 2939 1322 2996 ἐξαρχῆς
1345 2939 1470 2994 LV!
1500 2936 1666 2982 ἑαυτὸν
1690 2938 1789 2982 LV
