2014 3158
191 82 300 135 696
603 79 869 139 [LIBANu]
900 61 1292 125 DECLAMATIO
1324 81 1466 126 XLIX

189 224 352 286 γοῦσι
391 214 494 286 μὲν
532 218 665 285 ἡμῖν
703 224 905 286 μικροῦ
947 218 1066 270 δεῖν
1104 218 1339 279 ἅπαντες
1383 219 1520 270 κατὰ
1566 220 1666 287 τὴν
1703 221 1886 289 πόλιν,

189 310 322 377 γελᾷ
369 304 429 359 δὲ
475 308 576 375 τὴν
624 303 759 374 ἐμὴν
806 307 1109 375 δυστυχίαν
1148 307 1182 374 ἡ
1221 307 1459 376 μητρυιὰ
1505 306 1596 360 καὶ
1641 316 1756 370 τοῖς
1793 329 1890 361 κα-

187 405 305 458 κοῖς
345 395 658 463 ἐπεμβαίνει
698 404 815 457 τοῖς
853 394 1148 464 ἡμετέροις.
1195 394 1287 447 καὶ
1338 400 1575 465 θρηνεῖν
1613 393 1715 465 μὲν
1751 397 1887 451 ὑπο-

187 486 433 551 κρίνεται
464 471 585 537 ·τὸν
638 483 868 552 πατέρα,
930 483 1254 553 μεμελέτηκε
1315 486 1421 553 γὰρ
1483 485 1888 553 ὑποκρίνεσθαι

144 594 164 628 s
187 573 322 626 ποτὲ
361 570 462 642 μὲν
500 573 709 641 ὕπνον,
755 573 887 626 ποτὲ
934 570 996 626 δὲ
1041 579 1261 641 θρῆνον
1299 572 1390 626 καὶ
1432 574 1670 644 δάκρυα,
1710 573 1891 644 γάμον

189 663 251 716 δὲ
298 663 467 715 πάλιν
520 663 625 731 ἤδη
678 672 929 731 περινοεῖ
978 661 1077 714 τὸν
1132 666 1340 732 κλῆρον
1383 664 1751 730 προτείνουσα
1796 662 1888 717 καὶ

187 762 305 812 τοῖς
344 750 626 821 ἡμετέροις
665 753 902 820 χρήμασι
940 753 1182 813 πολλοὺς
1222 752 1570 815 δελεάζουσα.

303 840 388 893 90.
429 844 561 893 Νῦν
601 841 877 907 δακρύεις,
918 837 959 893 ὦ
1001 840 1185 908 γύναι,
1226 848 1334 893 νῦν
1373 840 1551 911 ὀδύρῃ
1591 841 1681 894 καὶ
1719 856 1888 910 προσ-

190 931 359 1001 δοκᾷς
398 930 507 983 ὑπὸ
548 931 762 982 τούτων
802 928 1221 997 ἐλεηθήσεσθαι.
1270 932 1462 999 καιρὸς
1508 928 1578 999 ἧν
1623 950 1753 983 ποτε
1793 933 1889 984 δα-

126 1040 168 1072 10
192 1020 397 1088 κρύων,
429 1020 619 1084 καιρὸς
650 1019 839 1072 οἴκτου
870 1018 961 1071 καὶ
994 1022 1438 1088 φιλανθρωπίας,
1479 1021 1569 1074 ὅτε
1601 1023 1893 1090 γαμηλίοις

190 1109 294 1178 μὲν
334 1110 557 1177 δαίμοσι
596 1107 687 1160 καὶ
727 1110 876 1180 νόμῳ
924 1117 1020 1176 τῆς
1065 1111 1359 1171 κοινωνίας
1404 1110 1681 1162 πιστεύων
1720 1110 1748 1163 ὁ
1788 1128 1890 1162 πα-

189 1198 290 1266 τὴρ
338 1196 666 1265 ἀνεπαύετο,
723 1202 792 1250 σὺ
849 1197 909 1250 δὲ
957 1199 1138 1266 φόνον
1193 1198 1475 1265 ὠμότατον
1514 1199 1748 1267 εἰργάσω
1789 1206 1891 1251 τοῦ

189 1287 604 1355 βαρυδαίμονος
627 1287 760 1355 μήτε
793 1294 964 1355 γῆρας
995 1285 1238 1339 ἐλεεινὸν
1264 1288 1396 1355 μήτε
1421 1290 1547 1354 βίου
1582 1288 1893 1354 συνήθειαν

101 1379 225 1424 RIV
241 1385 325 1424 769
378 1373 382 1447 Ι
427 1375 749 1443 ἐννοήσασα.
813 1375 898 1428 91.
937 1383 1164 1428 τοιαῦτα
1211 1378 1528 1443 τολμήσασα
1573 1374 1700 1444 παρ’
1748 1375 1894 1442 ὑμᾶς

126 1485 167 1518 ιε
193 1464 435 1533 ἕστηκεν,
476 1464 579 1517 ἀπὸ
619 1465 888 1517 τοιούτων
928 1462 1174 1517 ἐλθοῦσα
1215 1465 1646 1532 δυσσεβημάτων
1684 1466 1891 1533 μιαίνει

191 1554 253 1606 τὸ
296 1555 667 1622 δικαστήριον.
707 1556 1032 1623 καθαρσίων
1070 1553 1206 1621 ὑμῖν
1246 1554 1355 1620 δεῖ,
1393 1557 1604 1619 μᾶλλον
1644 1551 1705 1606 δὲ
1742 1555 1889 1624 πάσῃ

191 1649 256 1711 τῇ
298 1644 453 1694 πόλει
493 1643 823 1709 τηλικούτου
863 1642 1177 1711 μιάσματος.
1226 1642 1536 1709 καθάρσιον
1577 1639 1637 1695 δὲ
1676 1662 1891 1713 πρεπω-

193 1729 459 1783 δέστατον
498 1729 650 1784 ἔσται
690 1732 891 1799 ταύτης
929 1730 962 1798 ἡ
995 1733 1233 1793 κόλασις.
1275 1730 1379 1798 ἐγὼ
1413 1728 1474 1783 δὲ
1505 1729 1640 1798 πυρὶ
1680 1737 1891 1797 καθαρ-

194 1819 294 1891 σίῳ
333 1820 395 1872 τὸ
436 1822 763 1886 λειπόμενον
811 1821 968 1872 δώσω
1017 1827 1115 1872 τοῦ
1163 1820 1424 1885 σώματος.
1472 1821 1744 1889 πρότερον
1789 1816 1891 1888 μὲν

126 1929 170 1962 20
193 1909 298 1978 γὰρ
339 1910 437 1977 τὴν
477 1908 682 1977 μητέρα
720 1906 812 1960 καὶ
851 1911 980 1970 τοὺς
1020 1909 1350 1976 ὀφθαλμοὺς
1389 1908 1699 1974 αὐτόματον
1737 1908 1891 1960 ἐπελ-

314 2090 340 2125 3
374 2083 429 2127 cf.
463 2098 507 2139 p.
535 2087 679 2138 541‚8

313 2250 339 2288 4
371 2245 640 2302 μεμελέτηκε
672 2245 760 2301 γὰρ
794 2243 1136 2300 ὑποκρίνεσθαι
1167 2258 1243 2288 om
1268 2247 1314 2288 Β
1461 2250 1485 2287 5
1518 2244 1671 2288 ὕπνον
1705 2244 1773 2288 Va
1810 2243 1892 2286 sed

196 2322 250 2349 ον
274 2304 323 2347 in
347 2319 421 2348 ras
446 2305 516 2347 m'
541 2308 548 2362 Ι
575 2303 883 2359 προτείνουσα
914 2306 1022 2360 post
1044 2303 1196 2349 ὕπνον
1213 2306 1258 2348 Β
1287 2307 1294 2361 Ι
1321 2304 1431 2348 ποτὲ
1443 2306 1503 2360 (2)
1523 2330 1576 2335 —
1597 2308 1623 2347 6
1648 2305 1817 2358 κλῆρον
1841 2301 1892 2345 in

193 2378 327 2420 marg
361 2363 452 2408 Va¹
574 2369 599 2407 6
633 2362 722 2420 ἤδη
755 2364 895 2407 πάλιν
922 2365 983 2408 Μ
1007 2369 1012 2416 l
1039 2362 1349 2417 προτείνουσα
1374 2377 1450 2406 om
1475 2364 1521 2406 Β
1643 2366 1669 2405 8
1702 2362 1752 2404 δὲ
1784 2363 1893 2417 post

195 2430 282 2466 νῦν
306 2423 412 2467 HV
550 2427 575 2466 9
607 2423 769 2476 καιρὸς
792 2449 848 2455 -
875 2423 1098 2478 δακρύων
1126 2436 1199 2465 om
1226 2423 1325 2465 HV
1471 2428 1522 2465 11
1557 2425 1691 2470 θεοῖς
1723 2420 1781 2465 Vi
1810 2420 1893 2463 sed

196 2480 383 2537 δαίμοσι
415 2482 464 2525 in
494 2497 629 2537 marg
658 2482 729 2523 m²
851 2487 904 2525 12
938 2481 1226 2538 ἐργασαμένη
1252 2483 1358 2526 HV
1474 2485 1527 2525 13
1559 2480 1639 2523 καὶ
1673 2481 1783 2522 ante
1807 2479 1892 2535 μή-

195 2544 314 2597 τε(1)
349 2542 406 2585 Vi
432 2543 437 2596 Ι
467 2540 571 2599 βίου
604 2540 769 2597 scripsi
802 2555 905 2584 cum
938 2542 1149 2584 Iacobsio
1176 2541 1287 2583 Lect
1349 2539 1452 2598 βίον
1484 2538 1512 2595 ἢ
1547 2539 1892 2583 ViMaozAth

208 2601 338 2643 VaM
366 2600 457 2643 edd
534 2613 610 2644 om
636 2601 741 2644 HV
768 2606 908 2653 „recte
947 2602 1126 2656 quidem
1158 2601 1325 2644 omittit
1354 2600 1658 2653 B(avaricus)
1712 2598 1893 2642 videtur

196 2665 347 2702 tamen
378 2660 429 2702 in
460 2660 531 2702 his
561 2661 803 2715 epithetum
834 2660 1015 2714 aliquid
1045 2661 1178 2703 cuius*
1209 2660 1495 2703 aecusativus
1525 2659 1577 2701 in
1609 2663 1636 2712 ῆ
1669 2657 1783 2711 exit,
1821 2657 1889 2700 la-

196 2725 298 2771 tere,
330 2719 450 2773 quod
480 2733 605 2762 ‘nunc
633 2732 728 2762 non
759 2723 953 2773 σαρκία*
987 2718 1054 2760 Re
1096 2720 1102 2774 Ι
1136 2717 1221 2773 τὴν
1254 2721 1362 2760 ante
1395 2717 1654 2771 συνήθειαν
1685 2716 1892 2759 inseren-

198 2777 309 2819 dum
341 2777 445 2820 coni
476 2777 638 2821 Iacobs
762 2782 816 2820 15
848 2783 939 2819 τῶν
973 2779 1080 2819 ante
1112 2776 1335 2820 τοιούτων
1361 2777 1486 2820 BVa
1535 2778 1541 2830 Ι
1591 2772 1894 2831 ἀσεβημάτων

198 2836 302 2879 HV
435 2841 487 2878 16
520 2851 568 2879 τε
600 2836 703 2878 Mor
751 2838 757 2892 Ι
807 2835 916 2891 ἡμῖν
941 2835 1258 2880 HVVz‘Man
1396 2839 1450 2878 18
1483 2834 1535 2878 δὲ
1567 2847 1643 2877 om
1667 2833 1773 2877 HV

198 2898 254 2938 19
287 2894 451 2938 λοιπὸν
475 2895 622 2939 MaOl
742 2899 797 2938 20
831 2895 1040 2938 ἐπελθὼν
1065 2895 1191 2938 BVa
