2044 3168
273 98 377 150 186
696 95 923 140 LIBANH
955 95 1344 140 DECLAMATIO
1376 95 1548 142 XXXV

267 231 467 302 <καὶ>ὅ
484 252 535 286 τι
561 231 630 286 ἂν
650 226 684 304 ᾗ
703 240 900 300 ποιεῖν,
919 239 1027 285 νῦν
1048 251 1106 285 τε
1130 232 1241 301 ἥκω
1267 233 1405 302 πρὸς
1433 233 1574 303 ὑμᾶς
1599 234 1839 302 αἰτήσων
1862 234 1960 287 τὸν

268 323 359 376 διὰ
399 325 631 375 κωνείου
671 321 923 375 θάνατον
960 322 1108 392 παρὰ
1147 318 1249 390 μὲν
1295 330 1395 375 τοῦ
1437 323 1616 391 δήμου
1654 322 1960 391 τετυχηκὼς

267 412 498 481 ἀμοιβῆς
539 412 605 464 οὐ
645 418 841 481 μικρᾶς
879 417 955 482 τῷ
994 412 1092 464 τὸν
1133 410 1339 481 ἐχθρὸν
1380 410 1863 480 ἰδεῖν-ἁμαρτόντα
1901 429 1959 464 τε

266 509 362 571 τῆς
400 503 592 572 πείρας
630 498 722 554 καὶ
760 501 1073 569 καταβάντα
1111 498 1224 567 μετ’
1273 501 1537 570 αἰσχύνης
1576 499 1681 553 ἀπὸ
1722 506 1823 552 τοῦ
1864 501 1958 569 βή-

221 612 240 645 5
265 610 449 660 ματος,
488 593 728 659 νομίζων
767 587 829 642 δὲ
869 588 1082 660 ἐμαυτῷ
1121 587 1351 658 πρέπειν
1389 590 1646 658 τελευτὴν
1686 586 1958 642 ἑκούσιον.

265 680 314 733 2,
355 679 497 732 οὕτω
538 680 643 750 γὰρ
683 679 753 732 ἂν
792 678 912 747 εἴην
959 679 1062 732 δύο
1109 678 1403 748 κερδάνας,
1451 676 1539 731 ἐπὶ
1585 674 1686 747 μὲν
1731 684 1826 741 τῆς
1873 675 1958 730 ἐκ-

263 772 489 837 κλησίας
526 777 641 831 τοῖς
682 766 792 822 ἐκεῖ
831 767 1021 832 δόξασι
1061 770 1380 836 κοσμηθείς,
1423 765 1482 821 ἐν
1523 767 1584 820 δὲ
1619 772 1693 839 τῷ
1726 768 1958 835 βουλευ-

263 859 431 931 τηρίῳ
472 858 621 911 λύων
662 857 874 928 ἐμαυτῷ
921 857 1023 925 τὴν
1071 855 1159 909 ἐπὶ
1206 864 1320 919 τοῖς
1367 860 1713 924 παρελθοῦσι
1761 856 1955 924 λύπην.

264 948 350 1000 δεῖ
387 947 491 1017 γάρ
531 966 597 1014 με
650 948 922 1010 σώζεσθαι
961 945 1062 1013 μὲν
1107 946 1214 999 ὑπὸ
1263 953 1359 1014 τῆς
1404 946 1611 1007 πόλεως
1658 952 1955 1014 πανταχοῦ,
2020 1016 2022 1019 v

173 1041 293 1085 RIV
311 1045 395 1084 228
446 1033 452 1108 Ι
495 1035 666 1089 αὐτὸν
705 1035 766 1087 δὲ
805 1035 875 1104 μὴ
918 1034 1198 1087 δύνασθαι
1240 1037 1335 1103 ζῆν
1374 1032 1434 1087 ἐν
1467 1033 1610 1086 οὕτω
1642 1033 1954 1104 πραττούσῃ

197 1148 238 1179 11
263 1133 327 1196 τῇ
366 1126 534 1178 πόλει.
575 1125 622 1177 3.
662 1120 731 1193 ἧν
770 1123 871 1191 μὲν
912 1119 1015 1176 οὖν
1054 1123 1221 1193 τύχης
1261 1122 1551 1192 ἀμείνονος
1589 1120 1723 1192 πρὶν
1754 1121 1787 1191 ἢ
1819 1135 1955 1189 συμ-

262 1216 428 1283 βῆναι
460 1221 524 1284 τῇ
556 1214 710 1267 πόλει
744 1211 1004 1282 δυσχερές
1026 1231 1079 1265 τι
1110 1214 1338 1265 κεῖσθαί
1364 1231 1429 1281 με
1453 1212 1688 1280 μηδενὸς
1711 1220 1822 1265 τῶν
1847 1218 1956 1264 νῦν

263 1302 740 1370 ἐπαισθανόμενον
774 1301 983 1370 ἀηδῶν·
1024 1299 1139 1355 ἐπεὶ
1173 1301 1234 1354 δὲ
1267 1301 1490 1370 εἵμαρτό
1524 1319 1588 1369 με
1619 1301 1799 1353 πολύν
1831 1319 1956 1353 τινα

261 1392 465 1462 χρόνον
504 1391 984 1460 εὐδαιμονήσαντα
1022 1389 1147 1458 μεθ’
1194 1390 1351 1458 ὑμῶν
1391 1390 1602 1443 ἐπιδεῖν
1642 1388 1674 1441 ἃ
1711 1391 1786 1459 μή
1824 1397 1955 1443 ποτε

195 1502 236 1536 15
262 1482 498 1551 ὤφελον,
538 1482 636 1534 τὸν
674 1478 775 1548 μὲν
815 1481 992 1549 δῆμον
1032 1478 1093 1533 ἐν
1132 1479 1336 1550 ἀπορία
1374 1486 1609 1548 τροφῆς,
1648 1480 1747 1532 τὸν
1785 1479 1954 1532 πλού-

261 1583 386 1623 σιον
433 1567 493 1623 δὲ
545 1569 605 1624 ἐν
651 1578 714 1640 τῇ
770 1577 870 1622 τοῦ
925 1569 1103 1622 πάντα
1157 1570 1330 1622 αἰτεῖν
1386 1567 1629 1639 ἐξουσίᾳ,
1682 1575 1953 1622 τοσοῦτον

260 1667 401 1728 γοῦν
442 1659 654 1732 ἐμαυτῷ
694 1666 1014 1730 χαριοῦμαι,
1062 1659 1122 1711 τὸ
1166 1659 1238 1728 μὴ
1278 1658 1492 1729 μακρὰν
1541 1656 1700 1710 ἐᾶσαί
1733 1677 1827 1724 μοι
1865 1676 1954 1724 γε·

260 1747 459 1802 νέσθαι
505 1749 607 1817 τὴν
654 1749 973 1817 δυστυχίαν.
1042 1740 1093 1800 4Ῐ
1131 1746 1220 1801 καὶ
1270 1741 1394 1800 οἶδα
1440 1746 1541 1814 μὲν
1589 1747 1662 1809 ὡς
1707 1746 1767 1799 τὸ
1817 1746 1950 1799 αὐτὸ

259 1838 361 1907 τὴν
398 1833 500 1904 μὲν
539 1837 755 1908 ἀναιρεῖ
795 1837 1107 1906 συμφοράν,
1147 1837 1247 1905 τὴν
1288 1833 1349 1889 δὲ
1387 1844 1547 1889 ποιεῖ.
1603 1835 1664 1888 τὸ
1704 1832 1806 1904 μὲν
1844 1836 1949 1904 γὰρ

194 1948 237 1981 20
259 1927 332 1996 μὴ
371 1932 624 1995 καθορᾶν
662 1928 760 1979 τὸν
800 1927 964 1994 λιμὸν
1001 1927 1171 1979 κακόν
1218 1946 1269 1979 τι
1318 1926 1694 1994 διαφυγόντος
1741 1922 1810 1977 ἂν
1851 1923 1950 1993 εἴη,

259 2016 321 2070 τὸ
363 2012 422 2069 δὲ
460 2016 533 2084 μὴ
572 2021 825 2086 καθορᾶν
864 2015 963 2069 τὸν
1003 2016 1181 2084 δῆμον
1212 2011 1349 2081 μηδὲ
1380 2015 1480 2083 τὴν
1510 2011 1785 2081 προτέραν
1815 2011 1950 2066 ἐκεί-

259 2124 363 2173 νην
406 2105 798 2158 πολιτεύεσθαι
853 2107 1133 2157 πολιτείαν
1188 2103 1447 2170 οὐδεμιᾶς
1501 2100 1741 2155 ἐλάττων
1792 2104 1949 2171 ζημία

259 2194 581 2265 δημαγωγῷ.
644 2192 852 2246 οὐκοῦν
906 2191 1092 2261 ἐπειδὴ
1155 2192 1317 2245 δυοῖν
1372 2191 1644 2260 ἀθυμίαιν
1701 2189 1802 2243 οὐκ
1864 2187 1949 2244 ἔνι

379 2387 401 2425 1
436 2383 515 2426 καὶ
546 2382 721 2427 inserui
781 2396 856 2427 om
887 2382 997 2426 libri
1023 2382 1113 2427 edd
1140 2381 1192 2456 Ι
1176 2382 1200 2427 o'
1223 2399 1267 2426 τι
1298 2381 1464 2439 scripsi
1525 2379 1595 2426 ὅτι
1624 2380 1733 2425 libri
1766 2380 1854 2425 edd
1884 2389 1891 2434 Ι
1917 2379 1946 2437 ἣ

267 2443 336 2487 Va
362 2443 368 2495 Ι
401 2443 583 2499 „malim
607 2449 760 2486 ποιεῖν
786 2443 958 2487 abesse“
980 2442 1047 2487 Re
1075 2444 1081 2499 Ι
1108 2442 1190 2486 τὸν
1214 2441 1293 2486 διὰ
1317 2448 1398 2486 τοῦ
1417 2444 1509 2495 (om
1529 2442 1589 2485 M
1609 2440 1726 2496 Mor>
1751 2437 1946 2484 κωνείου

258 2477 459 2555 αἰτήσων
481 2501 698 2545 θάνατον
717 2502 852 2545 MVa
869 2501 970 2544 Mor
1084 2507 1108 2544 2
1133 2501 1237 2556 περὶ
1257 2502 1325 2545 Va
1352 2506 1358 2559 Ι
1384 2498 1522 2544 θείου
1542 2501 1585 2545 V
1696 2503 1721 2542 8
1745 2505 1947 2554 παροῦσι

256 2559 418 2604 Iacobs
450 2560 557 2603 Add
583 2565 608 2604 5
634 2560 761 2603 Anth
794 2559 877 2603 Pal
901 2560 965 2604 III
989 2564 1074 2604 508
1198 2565 1252 2603 10
1286 2559 1427 2604 αὑτὸν
1455 2561 1513 2604 Μ
1635 2563 1685 2601 11
1720 2558 1862 2615 πρινὴ
1887 2558 1950 2602 Μ

266 2620 334 2663 Va
359 2620 450 2663 edd
573 2623 627 2663 13
653 2618 999 2674 ἐπαισθόμενον
1017 2620 1060 2662 Β
1089 2622 1094 2676 Ι
1121 2635 1228 2663 τινα
1252 2633 1327 2663 om
1359 2619 1438 2663 VB
1451 2619 1518 2662 Va
1640 2622 1695 2661 14
1723 2621 1944 2673 μεθυμῶν

258 2679 303 2722 Β
436 2683 489 2722 15
522 2678 702 2733 ὤφελον
737 2679 780 2723 V
805 2678 886 2721 sed
919 2694 939 2722 ε
971 2678 1018 2720 in
1050 2691 1126 2721 ras
1158 2677 1227 2721 m²
1289 2677 1477 2735 ὄφειλον
1503 2678 1566 2750 M
1622 2676 1821 2731 ὤφειλον
1852 2676 1943 2719 edd

378 2742 431 2781 16
462 2744 610 2782 ταῦτα
628 2739 673 2782 Β
797 2741 849 2780 17
884 2736 1017 2781 ἐάσαι
1047 2737 1159 2780 libri
1184 2736 1276 2780 edd
1397 2741 1450 2780 21
1485 2736 1545 2792 μὴ
1570 2734 1621 2779 δὲ
1642 2736 1744 2779 ΜΒ
1765 2736 1826 2779 Va

258 2800 313 2838 22
347 2797 456 2841 οὐδὲ
488 2803 596 2853 μιᾶς
630 2797 697 2841 Va
746 2798 752 2852 Ι
804 2795 1001 2840 ἐλάττων
1033 2794 1170 2852 ζημία
1203 2795 1369 2851 scripsi
1442 2793 1608 2838 savineo
1642 2791 1804 2869 ζημίας
1833 2793 1943 2837 libri

317 2814 519 2899 ἐλάττωμ
517 2860 565 2912 ζη
570 2854 652 2911 μία
684 2855 775 2899 edd
895 2859 950 2897 23
977 2855 1149 2899 οὐκοῦν
1182 2854 1345 2911 scripsi
1376 2868 1402 2898 e
1428 2855 1487 2897 Μ
1495 2855 1565 2899 Va
1626 2854 1710 2897 ουκ
1742 2849 1828 2897 οὖν
1852 2852 1943 2896 edd

316 2912 415 2957 ἀλλ’
451 2911 535 2959 οὖν
569 2915 654 2959 VB
704 2916 710 2972 Ι
761 2913 859 2958 ἐπεὶ
887 2915 947 2958 Μ
954 2914 1022 2958 Va
1053 2914 1144 2957 edd
1194 2916 1199 2970 Ι
1243 2911 1469 2971 ἀθυμίαις
1494 2915 1553 2958 Μ
