2044 3168
210 129 423 174 PATRIS
456 127 668 173 CAEDIS
700 125 897 171 FILIAE
931 125 1281 179 GENERIQUE
1314 124 1613 169 DEFENSIO
1677 124 1784 177 329

91 267 307 320 παίδων
344 265 533 334 ὕβρεις
571 261 961 333 περιστέλλειν,
1010 262 1083 324 ὡς
1130 254 1253 315 οἷόν
1292 281 1362 314 τε.
1420 260 1490 313 ἂν
1534 257 1638 313 οὖν
1678 259 1783 328 ἐγὼ

91 353 193 424 μὲν
233 354 572 423 ἀναμνησθῶ
612 360 711 406 τοῦ
750 358 1079 419 θαυμαστοῦ
1119 351 1369 419 νυμφίου
1412 351 1501 403 καὶ
1541 359 1652 403 τῶν
1691 369 1784 402 κα-

93 449 206 497 λῶν
259 451 353 512 τῆς
406 444 602 505 παιδὸς
657 440 1101 509 ἐπιτηδευμάτων
1163 437 1253 491 καὶ
1316 440 1381 492 τὰ
1442 436 1545 507 μὲν
1602 438 1785 509 ἀθρόα

91 532 532 602 προσεπιρρεύσῃ
572 531 637 583 τὰ
677 530 905 599 δάκρυα,
945 529 1011 581 τὰ
1052 525 1112 581 δὲ
1144 536 1238 596 τῆς
1271 536 1460 597 φωνῆς
1499 526 1783 591 ἐκκεκόψε-

91 642 196 689 ται,
237 621 303 674 τὰ
342 619 401 674 δὲ
441 629 552 673 τῶν
591 621 774 687 λόγων
812 621 1106 687 οἰχήσεται,
1146 618 1218 684 μὴ
1258 612 1537 685 περιίδητε
1576 623 1652 688 τῷ
1683 618 1783 670 πά-
1831 639 1849 670 5

92 716 184 764 θει
235 718 330 778 τῆς
375 710 588 778 μνήμης
635 706 1038 777 ἐκκρουόμενον
1087 708 1153 759 τὰ
1206 707 1407 773 πολλά,
1464 704 1581 759 ἀλλ’
1628 706 1782 759 αὐτοὶ

90 802 591 868 προσαναπληροῦν
637 802 906 866 πειρᾶσθε
951 797 1017 849 τὰ
1071 797 1170 849 τὸν
1224 794 1358 862 ἐμὸν
1412 794 1783 863 ἐκπεφευγότα

93 888 357 956 λογισμὸν
396 884 808 955 συγκεχυμένον
848 885 990 938 οὕτω
1038 888 1262 947 πολλοῖς
1312 894 1428 946 τοῖς
1465 893 1653 947 κακοῖς
1692 886 1783 938 καὶ

91 975 217 1046 μηδ’
262 976 291 1029 ὅ
338 996 390 1028 τι
443 975 532 1028 καὶ
587 975 688 1044 χρὴ
746 973 927 1042 λέγειν
982 973 1222 1043 ἀκριβῶς
1276 972 1472 1043 ἔχοντα
1527 973 1782 1044 ξυνορᾶν.

90 1073 252 1119 τοῦτο
300 1065 404 1134 γὰρ
452 1063 570 1133 ἐμοὶ
618 1061 720 1133 μὲν
765 1061 917 1116 ἔσται
965 1071 1064 1116 τοῦ
1112 1064 1183 1132 μὴ
1224 1071 1556 1131 κακουργεῖν
1596 1063 1782 1116 δικαία
1808 1085 1851 1116 10

88 1175 172 1217 τις
218 1153 527 1223 ἐπικουρία,
582 1154 716 1222 ὑμῖν
750 1153 756 1222 Ι
793 1151 842 1206 δ’
889 1153 991 1207 οὐκ
1030 1152 1266 1222 ἀγεννὴς
1311 1154 1602 1221 βεβαίωσις
1649 1158 1872 1202 R1V586

89 1243 162 1306 ὡς
198 1244 264 1296 τὰ
302 1242 480 1296 πάντα
518 1244 827 1312 ψηφίζεσθε
867 1243 1083 1313 εὔορκα.

200 1332 246 1385 6.
282 1330 625 1401 Ἠγαγόμην,
677 1329 718 1385 ὦ
761 1332 983 1401 ἄνδρες,
1037 1339 1275 1400 γυναῖκα
1320 1331 1455 1384 κατὰ
1503 1333 1635 1394 τοὺς
1687 1340 1783 1401 τῆς

87 1423 293 1484 πόλεως
337 1423 546 1490 νόμους
591 1419 683 1474 καὶ
722 1422 937 1474 παίδων
977 1420 1208 1473 ἀκοῦσαι
1247 1421 1425 1488 πατὴρ
1465 1418 1782 1489 ἐπηυξάμην

90 1509 118 1563 ὁ
158 1511 432 1579 δυστυχὴς
478 1510 552 1573 ὡς
601 1507 702 1577 μὲν
748 1519 864 1573 τοῖς
909 1517 1166 1562 τεκοῦσιν
1211 1509 1344 1578 ἡμῖν
1390 1508 1561 1562 πάνθ’
1608 1508 1782 1563 ὁπόσα
1806 1532 1848 1565 15

89 1597 178 1652 καὶ
217 1599 441 1669 χρηστοὶ
489 1600 680 1662 παῖδες
725 1599 1137 1669 γενησομένων,
1193 1599 1265 1662 ὡς
1312 1596 1372 1651 δὲ
1424 1607 1486 1669 τῇ
1527 1618 1586 1652 τε
1624 1601 1781 1652 πόλει

84 1686 176 1742 καὶ
214 1695 288 1761 τῷ
324 1689 476 1761 δήμῳ
512 1690 996 1759 χρησιμευσόντων
1028 1687 1090 1741 ἐν
1121 1690 1486 1758 στρατηγίαις,
1529 1687 1589 1740 ἐν
1620 1708 1781 1756 χορη-

86 1778 247 1846 γίαις,
279 1776 339 1830 ἐν
372 1779 761 1846 δημαγωγίαις,
794 1776 855 1830 ἐν
888 1779 1191 1847 εἰσφοραῖς,
1224 1775 1305 1830 ἐπ’
1345 1778 1563 1846 εἰρήνης
1594 1774 1779 1844 ἔνδον,

11 1861 14 1864 ⁴
87 1865 147 1920 ἐν
185 1866 446 1936 πολέμοις
484 1863 705 1931 ἔξωθεν.
772 1867 818 1919 7.
859 1867 911 1920 οἱ
953 1864 1001 1919 δ’
1050 1868 1154 1935 ἄρα
1194 1865 1319 1919 θεοὶ
1357 1867 1418 1919 τὸ
1458 1864 1559 1934 μέν
1597 1885 1649 1918 τι
1689 1864 1779 1918 καὶ

85 1952 305 2024 ἔδοσαν,
345 1957 406 2009 τὸ
447 1954 496 2008 δ’
542 1955 789 2025 ἐπέσχον.
828 1956 999 2008 παῖδα
1037 1955 1141 2024 μὲν
1180 1956 1284 2026 γὰρ
1326 1954 1648 2025 ἐχαρίσαντο
1688 1952 1778 2007 καὶ
1803 1978 1846 2010 20

85 2046 261 2114 πατὴρ
303 2044 569 2098 ἐντεῦθεν
608 2045 844 2114 ὡρώμην
883 2044 988 2112 ἐγὼ
1035 2042 1127 2098 καὶ
1174 2052 1338 2097 τοῦτο
1378 2042 1665 2112 προσάπαξ
1707 2043 1779 2106 ὡς

204 2225 229 2264 6
263 2220 320 2265 cf.
356 2221 417 2264 ad
448 2222 481 2264 t.
506 2221 571 2264 III
595 2224 666 2276 89,
687 2225 708 2263 1
835 2225 888 2265 13
922 2235 987 2276 sq.
1016 2220 1173 2277 Sopat.
1199 2220 1228 2264 1.
1255 2219 1285 2263 1.
1310 2234 1355 2276 p.
1383 2224 1481 2274 229,
1502 2224 1556 2263 26
1576 2234 1642 2276 sq.

203 2388 230 2427 4
255 2384 312 2428 τὰ
337 2383 520 2439 δάκρυα
546 2398 620 2428 om
638 2383 739 2427 Mor
765 2385 772 2440 Ι
801 2381 1103 2440 ἐκκεκόψεται
1129 2383 1294 2440 scripsi
1311 2384 1500 2427 auctore
1517 2384 1585 2427 Re
1648 2382 1778 2428 ἐκκό-

91 2453 229 2497 ψεται
254 2443 363 2487 libri
388 2444 469 2487 sed
495 2460 545 2488 αι
570 2458 710 2499 supra
734 2459 755 2486 ε
772 2444 832 2495 Β,
858 2443 948 2487 edd
974 2443 1030 2487 cf.
1048 2459 1092 2500 p.
1112 2447 1279 2497 319‚15
1299 2457 1366 2500 sq.
1488 2447 1513 2486 5
1539 2442 1778 2500 οἰχήσηται

94 2503 164 2547 Va
284 2507 310 2547 8
344 2503 477 2547 colon
501 2504 609 2559 post
632 2501 849 2559 λογισμόν
874 2502 965 2546 edd
1028 2501 1176 2546 delevi
1298 2507 1322 2546 9
1357 2501 1417 2557 μὴ
1443 2500 1487 2546 δ’
1511 2503 1778 2547 LPaMaGl

20 2579 24 2614 ζ
96 2560 233 2607 ViVa
274 2563 280 2617 Ι
326 2559 394 2607 ὅτι
426 2563 485 2606 Vi
525 2565 530 2617 Ι
572 2562 652 2605 καὶ
684 2576 760 2606 om
786 2562 911 2606 BVa
1033 2567 1083 2605 11
1118 2559 1187 2612 τίς
1213 2562 1424 2606 MaOZVi
1465 2562 1471 2617 Ι
1521 2561 1690 2618 ἀγενὴς
1723 2562 1779 2606 Vi

209 2626 260 2664 12
287 2619 582 2677 ψηφίζεσθαι
602 2622 654 2667 ΟΖ
678 2621 759 2665 sed
784 2637 834 2664 αι
856 2619 905 2663 in
929 2634 1004 2664 ras
1028 2621 1110 2675 m⁵‚
1132 2622 1188 2665 Vi
1212 2621 1322 2665 Fen·
1339 2621 1440 2665 Mor
1563 2625 1614 2665 13
1638 2618 1776 2676 Ἠγα-

16 2652 31 2709 7·
86 2677 235 2738 γόμην
265 2706 313 2713 -
347 2687 549 2737 γυναῖκα
590 2679 859 2736 praemissis
898 2679 1052 2723 verbis
1095 2680 1291 2738 ἠγάγετο
1333 2679 1356 2724 ὁ
1396 2679 1517 2736 ἀνὴρ
1560 2686 1773 2737 γυναῖκα.

12 2771 19 2788 -,
84 2738 310 2797 Λιβάνιος
347 2740 465 2783 citat
503 2740 645 2784 Andr.
679 2738 941 2796 Lopadiota.
978 2739 1066 2783 lex.
1102 2739 1299 2784 Vindob.
1334 2753 1368 2783 s,
1402 2753 1440 2781 v.
1474 2739 1546 2796 ἠγ.
1587 2754 1630 2795 p.
1658 2743 1772 2792 99,3

11 2828 26 2885 ις

7 2976 43 3168 z

85 2826 156 2870 ed.
188 2826 356 2871 Nauck
478 2833 531 2872 16
563 2829 641 2871 καὶ
675 2827 860 2885 χρηστοὶ
892 2826 940 2870 in
972 2826 1046 2870 lac
1080 2832 1102 2870 7
1137 2827 1232 2871 fere
1264 2827 1343 2871 litt
1374 2842 1448 2871 om
1473 2829 1518 2872 B
1545 2828 1553 2884 Ι
1587 2814 1773 2876 παιδὲξν

10 2888 31 2940 ³³]
86 2886 176 2930 Ma
235 2884 420 2931 παίδων
446 2888 612 2932 ClViB
625 2888 693 2931 Va
839 2891 890 2930 17
923 2884 1292 2943 χρησιμευόντων
1326 2888 1383 2932 Vi
1528 2891 1581 2930 19
1613 2902 1685 2930 τοι
1719 2886 1776 2930 Vi

85 2945 212 2992 BVa
332 2949 387 2994 20
417 2944 516 2995 τόδ’
548 2945 817 2994 LPaMaCz
844 2948 850 3001 Ι
878 2944 964 3000 γὰρ
999 2958 1073 2988 om
1107 2946 1165 2990 Vi
