2014 3158
1038 304 1203 358 XLV.

384 430 695 478 Declamatio
727 430 969 490 inscripta
1003 426 1117 487 Τὰς
1155 427 1398 487 πλείους
1437 428 1686 492 ψήφους
1731 433 1973 495 κρατεῖν

272 503 454 568 νόμος
485 501 767 553 ἐκέλευεν.
800 501 941 552 ἔπτὰ
975 502 1270 551 δικαστῶν
1303 502 1407 551 δύο
1447 501 1828 568 κατέγνωσαν
1860 503 1973 551 θά-

273 597 478 642 νατον,
524 578 630 627 δύο
677 575 942 641 ἀτιμίαν,
989 581 1146 642 τρεῖς
1194 575 1407 641 φυγήν.
1454 574 1622 636 ἀξιοῖ
1659 577 1906 643 φεύγειν
1947 575 1972 627 ὅ

273 649 780 718 κατεγνωσμένος,
814 668 915 715 qua
946 652 1302 700 condemnatus
1335 651 1526 701 duobus
1558 652 1808 716 suffragiis
1839 652 1972 714 capi-

271 729 362 788 tis,
400 727 590 776 duobus
630 725 891 788 infamiae,
929 725 1088 774 tribus
1130 726 1268 773 exilii
1299 741 1328 772 a
1361 727 1551 774 civibus
1590 727 1720 788 petit
1756 729 1815 774 ut
1844 726 1972 775 hanc

271 802 474 850 tertiam
504 817 716 863 poenam
748 802 1069 861 consciscant,
1100 801 1223 848 artis
1247 799 1554 848 Libanianae
1587 801 1973 849 admiratoribus

271 878 438 924 minus
471 878 676 937 accepta
698 876 811 923 fuit.
842 875 1014 936 Neque
1039 875 1092 921 id
1115 875 1315 922 iniuria.
1348 874 1478 922 Nam
1503 874 1565 922 ab
1590 875 1680 922 illa
1705 877 1812 923 arte
1835 891 1974 937 pror-

272 966 355 999 sus
403 950 639 999 abhorret
683 965 796 998 cum
844 948 1067 997 exilitate
1113 949 1271 997 totius
1319 950 1601 1012 argumenti
1648 951 1759 997 tum
1801 950 1974 1012 inopia

273 1027 426 1087 atque
449 1024 711 1072 ieiunitate
734 1023 1067 1084 tractationis,
1085 1023 1263 1085 quibus
1289 1025 1463 1071 contra
1487 1024 1800 1072 authentiam
1828 1040 1974 1087 argu-

272 1099 453 1147 mentis
486 1100 640 1146 etiam
670 1098 784 1160 plus
815 1097 1134 1145 tribuendum
1165 1113 1270 1146 esse
1295 1113 1468 1146 censeo
1494 1113 1644 1160 quam
1678 1098 1886 1162 singulis
1911 1098 1972 1146 ab

272 1188 366 1221 usu
412 1172 613 1220 Libanii
656 1172 831 1220 alienis
864 1172 944 1221 vel
975 1172 1147 1220 formis
1180 1175 1238 1220 ut
1267 1171 1571 1235 χαρισόμεθα
1601 1189 1648 1234 p.
1677 1173 1799 1233 538,
1819 1173 1848 1220 5
1891 1173 1973 1220 vel

273 1247 529 1296 vocabulis
547 1240 632 1313 (ut
655 1244 890 1311 ἀειφυγία
906 1263 954 1308 p.
975 1247 1139 1307 530,5
1159 1248 1210 1294 et
1228 1247 1350 1307 537,
1372 1249 1464 1308 173
1495 1244 1691 1295 ἀτονεΐν
1714 1263 1763 1308 p.
1782 1248 1970 1309 531,4;

273 1319 547 1386 ἀχαριστεῖν
586 1338 633 1383 p.
668 1322 797 1382 527,
818 1323 872 1383 6,
922 1321 1050 1383 540,
1072 1314 1135 1387 3)
1183 1321 1263 1368 vel
1306 1321 1642 1369 locutionibus
1684 1314 1767 1387 (ut
1805 1318 1972 1388 ἀδικία

273 1393 551 1460 προσφιλής
597 1412 644 1457 p.
681 1396 810 1455 536,
839 1396 930 1456 13,
977 1398 1256 1458 συμπαθῶς
1302 1394 1589 1458 κινούμενοι
1635 1412 1681 1457 Ρ.
1717 1396 1845 1457 531,
1880 1397 1969 1458 19,

274 1472 458 1534 μᾶλλον
489 1468 689 1517 πάντων
720 1486 769 1531 p.
797 1469 918 1531 536,
939 1462 1032 1535 20)
1065 1469 1144 1518 vel
1178 1471 1441 1518 structuris
1475 1464 1556 1532 (ut
1587 1469 1839 1533 δυναίμην
1870 1468 1972 1517 πεί-

274 1557 378 1592 σειν
408 1561 455 1606 Ρ.
484 1544 680 1605 531,8,
713 1541 945 1602 δεδοικὼς
978 1541 1042 1606 μὴ
1077 1542 1404 1607 διαφεύξομαι
1436 1561 1483 1606 Ρ.
1511 1544 1634 1605 531,
1655 1545 1746 1605 14,
1777 1543 1861 1591 ἴνα
1891 1541 1972 1592 καὶ

275 1644 344 1652 -
370 1617 669 1682 συμβήσεται
700 1634 748 1679 p.
777 1618 1009 1680 538,10;
1044 1622 1339 1684 κακουργεῖν
1371 1615 1633 1682 ἀπέχονται
1663 1635 1709 1680 p.
1739 1619 1860 1679 540,
1881 1620 1970 1677 12,

272 1687 381 1762 ᾔδει
414 1719 484 1724 -
515 1694 792 1757 περιπεσεῖν
831 1690 947 1750 τοὺς
992 1690 1279 1750 δικάζοντας
1318 1710 1365 1755 Ρ.
1395 1694 1515 1754 537,
1537 1685 1646 1758 14).
1704 1691 1825 1739 Cum
1863 1693 1972 1740 tota

274 1766 571 1814 declamatio
602 1767 710 1813 tum
733 1765 1019 1827 protheoria
1041 1767 1219 1814 tironis
1245 1767 1459 1828 opellam
1490 1766 1710 1828 produnt
1720 1761 1777 1831 1).
1834 1765 1968 1814 Satis

273 1841 430 1904 igitur
452 1855 636 1902 parvus
659 1842 734 1887 est
756 1855 994 1888 numerus
1010 1841 1411 1888 testimoniorum
1437 1843 1586 1902 atque
1612 1840 1836 1888 codicum
1861 1841 1968 1902 qui-

273 1914 363 1963 bus
396 1914 691 1962 declamatio
726 1913 789 1961 ad
818 1915 946 1962 hanc
978 1916 1193 1962 aetatem
1224 1916 1463 1976 pervenit.
1519 1910 1691 1976 Atque'
1719 1915 1851 1962 inter
1880 1915 1969 1962 hos

273 1989 386 2050 plus
410 2004 538 2036 unus
571 1990 646 2035 est
675 1988 1041 2036 recentissimus
1074 1991 1124 2036 et
1147 1989 1328 2038 codicis
1352 1989 1549 2037 nomine
1574 2005 1752 2051 parum
1777 1988 1968 2051 dignus.

388 2061 515 2109 Sunt
546 2065 714 2110 autem
745 2062 798 2108 hi
833 2064 924 2109 21:

384 2135 575 2198 Incipio
609 2152 639 2184 a
672 2132 1063 2198 ‘corporalibus'.

390 2212 435 2257 1.
459 2209 906 2258 Laurentianus
923 2209 1064 2257 LVII
1083 2212 1148 2257 27
1170 2226 1298 2259 anno
1320 2212 1460 2259 1392
1481 2213 1709 2258 exaratus
1725 2210 1968 2258 f01.167v.

275 2283 402 2331 Vide
434 2286 469 2331 t.
494 2283 520 2330 I
550 2300 596 2345 p.
625 2284 691 2331 59
712 2300 782 2345 sq.

387 2358 462 2405 Ex
492 2357 586 2404 hoc
618 2356 891 2420 descriptus
924 2361 998 2406 est

390 2433 435 2480 2.
468 2431 1064 2479 Wolfenbuttelanus
1100 2433 1201 2495 511
1240 2430 1495 2479 Gudianus
1528 2448 1599 2495 gr.
1629 2433 1694 2479 77
1729 2446 1853 2478 saec.
1879 2430 1970 2477 XV

397 2546 437 2598 1)
472 2543 568 2585 Iam
593 2544 645 2584 A.
666 2542 835 2595 Gasda,
860 2542 979 2586 Krit.
1005 2542 1360 2600 Bemerkungen
1384 2557 1441 2584 zu
1465 2542 1556 2584 den
1580 2542 1970 2586 Deklamationen

276 2601 358 2644 des
382 2601 605 2645 Libanios
629 2616 674 2656 p.
701 2605 756 2644 20
781 2604 927 2646 recte:
961 2602 1080 2655 „Am
1103 2601 1244 2644 Dativ
1267 2602 1485 2659 (βαθμῷ),
1510 2601 1678 2657 inquit,
1713 2601 1827 2644 wird
1858 2614 1968 2643 man

276 2660 374 2703 sich
406 2660 456 2702 in
489 2660 664 2703 diesem
703 2660 1077 2704 schwachlichen
1107 2660 1345 2704 Produkte
1386 2674 1469 2703 aus
1510 2662 1667 2715 sp‘ater
1699 2660 1800 2703 Zeit
1837 2659 1970 2703 nicht

277 2719 442 2762 stossen
475 2719 686 2763 dfirfen.“
742 2718 989 2763 Clausulae
1021 2719 1318 2775 Meyerianae
1350 2722 1619 2762 constanter
1652 2719 1774 2762 ratio
1806 2718 1968 2761 habita

276 2781 359 2822 est.
399 2778 489 2821 Sed
512 2792 571 2822 ne
595 2779 645 2821 in
670 2778 809 2821 nimis
835 2792 984 2822 seram
1009 2781 1212 2822 aetatem
1239 2778 1576 2822 descendamus
1601 2778 1858 2822 cavendum
1882 2778 1966 2821 est.

275 2836 513 2893 Religioni
539 2837 832 2881 Christianae
855 2838 1079 2881 infestum
1106 2851 1154 2881 se
1179 2840 1342 2881 auctor
1365 2837 1524 2894 prodit
1546 2852 1590 2893 p.
1618 2841 1718 2892 534,
1739 2843 1759 2879 1
1789 2836 1876 2892 ἐγὼ
1901 2833 1966 2892 δ’,

277 2894 427 2950 ὥσπερ
446 2894 490 2939 οἱ
514 2897 762 2954 δυσσεβεῖς,
781 2896 857 2940 ἐπὶ
873 2903 960 2953 γῆν
977 2895 1156 2954 βλέπων
1175 2896 1369 2940 ἔστενον.
1403 2896 1457 2939 In
1475 2909 1640 2952 corpus
1657 2896 1970 2939 Libanianum
2013 2925 2014 2944 1

278 2954 560 2998 declamatio
599 2954 693 2998 iam
734 2957 842 2998 ante
874 2955 1061 2998 Ioannis
1093 2955 1351 3011 Doxapatri
1389 2956 1591 2999 aetatem
1630 2955 1819 3010 recepta
1855 2954 1966 2997 erat.
