2020 3146
374 116 566 161 AVARI
598 115 881 162 SGORTUM
911 115 1184 160 AMANTIS
1217 115 1500 169 QUERELA
1708 115 1778 167 47

91 252 361 323 ἀργυρίου
408 253 733 323 προηκάμην
779 256 913 320 τινί,
960 251 1114 306 τουτὶ
1161 253 1265 322 γάρ
1313 251 1464 306 ἐστιν
1510 251 1783 323 ἀργύριον

90 341 310 410 ἀγαπᾶν
342 341 473 395 ἀνθ’
512 342 700 409 αὑτοῦ,
733 343 825 394 ἵνα
855 343 927 411 μὴ
961 341 1243 411 ἐνοχλοῖεν
1275 342 1414 404 ὅλως
1444 338 1582 411 μηδὲ
1611 354 1781 410 προσ-

90 433 230 484 ιὀιεν
268 432 406 500 μηδὲ
445 432 555 494 δὸς
594 430 833 500 λέγοιεν,
882 429 1294 499 πολεμιώτατον
1342 433 1516 498 ὄνομα
1555 429 1782 484 ἀκούειν

89 519 227 589 ἐμοί,
275 518 394 573 οὐδ’
450 520 534 573 ὅτι
580 519 839 588 κέκτημαι
886 520 1191 588 κατάδηλος
1238 514 1381 572 εἶναι
1427 521 1779 587 βουλόμενος.

204 609 286 662 10.
327 611 424 678 Μὴ
464 610 568 678 γὰρ
609 611 677 678 δὴ
725 614 940 677 οἴεσθε,
988 605 1030 662 ὦ
1071 610 1292 677 ἄνδρες,
1338 609 1609 677 βούλομαι
1657 609 1779 678 γάρ,

87 697 275 767 ἐπειδὴ
315 699 527 768 προϊὼν
565 706 666 751 τοῦ
698 718 755 751 τε
793 700 924 766 βίου
969 696 1061 751 καὶ
1107 707 1219 751 τῶν
1258 699 1540 766 φιλτάτων
1577 698 1781 768 χρημά-

86 808 198 841 των
260 789 353 841 διά
413 788 514 856 τὴν
575 789 815 858 χρηστὴν
878 786 1160 858 ἐρωμένην
1221 790 1575 857 στερήσομαι,
1643 787 1779 855 ὑμῖν

87 878 269 945 ὥσπερ
308 878 433 930 τινὰ
471 881 679 947 κλῆρον
718 878 818 946 τὴν
856 875 980 945 περὶ
1012 884 1114 930 τοῦ
1145 882 1384 930 κτᾶσθαι
1417 877 1782 929 διδασκαλίαν

85 970 430 1033 καταλιπεῖν,
477 967 548 1034 μὴ
597 962 700 1019 οὗν
746 967 815 1034 δὴ
863 970 1053 1018 οἴεσθε
1091 966 1497 1034 πολεμιώτερον
1539 959 1684 1018 εἶναί
1726 987 1779 1019 τι

84 1066 201 1118 τοῖς
254 1061 516 1109 πλουτεῖν
569 1054 931 1124 βουλομένοις
982 1063 1083 1108 τοῦ
1138 1056 1356 1124 σφόδρα
1403 1054 1638 1123 εὐχερῶς
1688 1056 1777 1108 καὶ

85 1144 330 1212 ἀνοήτως
370 1145 430 1197 τὸ
478 1144 618 1207 ἅπαξ
667 1145 745 1206 εἰς
790 1145 886 1207 τὰς
932 1153 1116 1213 χεῖρας
1162 1142 1336 1197 ἐλθὸν
1382 1140 1551 1207 αὖθις
1595 1147 1779 1213 προΐε-

86 1239 238 1300 σθαι,
278 1232 395 1286 ἀλλ’
441 1229 584 1286 εἶναι
624 1233 728 1286 δύο
768 1234 968 1295 ταύτας
1006 1231 1177 1302 ἀρχὰς
1214 1234 1461 1286 πλούτου
1506 1236 1780 1301 συλλογῆς

83 1325 214 1391 μήτε
268 1324 598 1390 προσιόντος
650 1320 884 1390 κέρδους
940 1332 1339 1390 καταφρονεῖν,
1400 1321 1506 1375 κᾶν
1559 1323 1780 1392 σφόδρα

84 1412 283 1481 μικρὸν
330 1412 465 1481 δοκῇ
513 1426 659 1464 τισιν
706 1413 918 1479 ἄλλοις,
974 1411 1038 1464 οὐ
1093 1413 1199 1481 γὰρ
1247 1408 1433 1480 ἔμοιγε
1478 1413 1679 1479 μικρόν
1725 1431 1778 1464 τι

81 1502 299 1554 πώποτε
336 1500 530 1570 κέρδος
571 1501 765 1570 ἐφάνη,
803 1499 894 1553 καὶ
931 1502 992 1553 τὸ
1033 1500 1172 1564 ἅπαξ
1212 1498 1387 1554 δοθὲν
1426 1498 1587 1569 ἀπρὶξ
1628 1499 1779 1554 κατέ-

82 1609 201 1659 χειν
239 1591 330 1643 καὶ
370 1590 443 1652 ὡς
480 1589 541 1643 ἕν
581 1610 634 1643 τι
672 1599 782 1643 τῶν
815 1590 1096 1659 φιλτάτων
1128 1589 1212 1643 ἀεὶ
1242 1588 1534 1657 περιέπειν.
1578 1589 1662 1643 11.
1694 1583 1778 1652 οἷς

83 1677 415 1747 ἀμφοτέροις
469 1680 777 1747 βουλοίμην
829 1676 931 1745 μὲν
985 1678 1056 1731 ἂν
1110 1681 1422 1748 χρήσασθαι
1484 1678 1574 1731 καὶ
1636 1680 1777 1748 ὑμᾶς

82 1769 214 1837 μετὰ
261 1769 363 1835 τὴν
410 1766 545 1836 ἐμὴν
590 1770 875 1836 τελευτήν,
932 1767 1037 1836 ε’γὼ
1087 1767 1148 1820 δὲ
1202 1770 1281 1830 εἰς
1336 1768 1503 1838 δεῦρο
1559 1770 1777 1838 σφόδρα

84 1857 320 1926 ἀκριβῶς
368 1855 685 1925 διεφύλαξα.
740 1855 830 1910 καὶ
880 1855 1066 1920 οὐδεὶς
1112 1859 1182 1910 ἄν
1228 1877 1293 1924 με
1341 1856 1608 1925 ἐλέγξειεν
1647 1857 1778 1911 οὐδ’

202 1995 223 2031 1
260 1987 466 2044 ἄργυρον
489 1989 682 2033 MaC'lB
722 1989 804 2032 scd
842 1988 892 2032 in
932 1988 1020 2032 hoc
1059 1988 1283 2045 ἀργύριον
1319 2001 1535 2045 suprascr
1564 1988 1636 2031 m²

82 2052 108 2091 2
152 2044 271 2092 ἀνθ’
306 2047 450 2091 αὑτοῦ
491 2047 657 2104 scripsi
697 2061 722 2091 c
749 2049 965 2093 MaVaB
1042 2045 1149 2092 ἀντ’
1185 2049 1329 2092 αὐτοῦ
1356 2049 1409 2092 Η
1418 2048 1511 2093 Vol
1548 2047 1616 2091 Re
1666 2051 1672 2103 Ι
1722 2048 1775 2093 δὲ

80 2109 189 2164 post
219 2105 299 2151 ἴνα
333 2107 401 2150 Va
450 2109 457 2162 Ι
508 2106 568 2162 μὴ
602 2106 835 2165 ἐνοχλοῖεν
867 2107 1032 2163 scripsi
1100 2106 1161 2164 μὴ
1194 2106 1246 2151 δὲ
1280 2107 1457 2164 ὀχλοῖεν
1480 2108 1538 2151 H
1543 2108 1775 2152 VMaClB

141 2165 201 2223 μὴ
235 2163 281 2210 δ’
318 2165 499 2224 ὀχλοῖεν
533 2167 601 2210 Va
632 2167 700 2211 Rc
735 2170 741 2222 Ι
776 2166 838 2224 μὴ
870 2167 920 2210 δὲ
953 2166 1062 2210 libri
1089 2169 1095 2222 Ι
1134 2164 1343 2222 προσίοιε
1366 2167 1424 2210 Η
1541 2170 1566 2208 3
1599 2167 1775 2223 λέγοιεν

81 2226 162 2276 δὸς
196 2226 265 2270 Va
313 2227 320 2280 Ι
370 2223 494 2281 λέγοι
517 2225 573 2268 Η
600 2226 682 2270 sed
714 2243 734 2270 ε
767 2239 907 2282 supra.
938 2243 977 2282 ι,
1012 2226 1064 2270 01
1103 2226 1185 2271 scd
1225 2243 1275 2270 εν
1316 2240 1457 2282 supra
1490 2241 1535 2269 οι
1564 2225 1635 2268 m⁴

80 2291 108 2329 4
153 2285 527 2341 προσεποιούμην
561 2286 628 2329 Va
660 2286 708 2329 ci}
740 2299 878 2342 supra
918 2284 1197 2353 βουλόμενος
1221 2285 1291 2329 B²
1434 2291 1458 2329 6
1499 2286 1673 2340 περιὼν
1707 2286 1775 2330 Va

201 2349 224 2387 7
258 2349 434 2402 χρυσῆν
461 2346 550 2388 Μα
671 2348 697 2387 8
728 2343 812 2400 τὴν
845 2345 1009 2401 scnpsi
1041 2359 1098 2389 cx
1120 2345 1449 2390 HMaGlVaB
1481 2359 1587 2389 cum
1610 2344 1772 2388 Iacob-

81 2403 149 2446 sio
182 2403 295 2447 Lect
326 2402 474 2461 Schul·
542 2411 625 2448 τοῦ
659 2404 703 2447 V
727 2403 795 2447 Re
939 2408 965 2447 9
1004 2403 1093 2461 γὰρ
1128 2405 1194 2449 Va
1227 2406 1275 2447 et
1306 2418 1447 2461 supra
1480 2401 1565 2448 οὖν
1590 2403 1660 2447 B'
1686 2406 1692 2460 Ι
1729 2421 1775 2449 τι

81 2475 156 2506 om
190 2462 383 2507 MaOlB
425 2462 507 2506 sed
549 2462 599 2506 in
639 2463 727 2506 hoc
770 2462 896 2506 inser
932 2462 1003 2506 m²
1147 2468 1202 2506 10
1247 2471 1344 2514 τοῖς
1387 2466 1434 2507 et
1476 2462 1774 2521 βουλομένοις

81 2521 245 2578 scripsi
285 2536 309 2564 e
343 2522 490 2566 Maoz
503 2523 618 2566 VaB
700 2525 762 2579 τῷ
806 2523 853 2565 et
892 2521 1155 2582 βουλομένῳ
1180 2524 1284 2568 HV
1324 2523 1389 2567 Re
1438 2523 1445 2580 Ι
1495 2529 1577 2566 τοῦ
1609 2522 1773 2579 scripsi

80 2593 105 2624 e
132 2581 402 2626 MaOlVaB
476 2581 528 2624 τὸ
563 2582 669 2626 HV
701 2581 770 2625 Re
831 2579 858 2635 ἢ
896 2581 949 2625 τὸ
984 2581 1148 2625 Iacobs
1187 2582 1300 2626 Lecta
1340 2581 1482 2626 Schul
1627 2587 1678 2624 11
1719 2582 1770 2626 τὸ

79 2639 254 2683 inserui
287 2653 312 2682 e
338 2639 609 2685 MaUlVaB
687 2654 761 2684 om
787 2641 891 2685 HV
916 2640 985 2685 Re
1129 2645 1183 2684 15
1224 2639 1407 2698 ληφθὲν
1440 2642 1509 2687 Va
1544 2642 1592 2685 et
1631 2654 1773 2697 supra

81 2698 229 2743 δοθὲν
252 2697 321 2742 B²
443 2704 496 2742 17
537 2699 620 2756 μὲν
652 2714 727 2743 om
761 2701 830 2743 Va
858 2702 863 2755 Ι
892 2700 973 2743 καὶ
1001 2701 1111 2756 posi
1142 2698 1202 2744 ἂν
1235 2702 1305 2745 Va
1336 2702 1384 2744 et
1414 2702 1534 2757 ὑμᾶς
1557 2713 1773 2756 suprascr

79 2757 149 2800 m’
197 2760 204 2814 Ι
255 2757 389 2802 colon
418 2759 527 2814 post
555 2757 823 2816 χρήσασθαι
852 2758 963 2802 libri
993 2761 1205 2815 (excepto
1239 2761 1323 2815 Va)
1355 2760 1423 2803 Re
1485 2759 1634 2804 delevi
1663 2773 1771 2802 cum

79 2815 291 2860 Iacobsio
323 2816 466 2860 Schul
507 2820 514 2874 Ι
556 2819 637 2862 καὶ
667 2819 787 2874 ὑμᾶς
818 2831 893 2861 om
927 2818 996 2863 Va
1117 2823 1171 2861 19
1205 2816 1310 2863 οὐδ’
1347 2819 1413 2869 εἰς
1443 2818 1607 2874 scripsi
1639 2831 1695 2862 ex
1720 2819 1779 2862 H

79 2875 354 2978 ἐξίῗίίἰῖαΒ
430 2877 584 2927 οὐδεὶς
616 2879 659 2922 V
684 2877 752 2920 Re
814 2873 920 2921 οἶδα
954 2878 1020 2929 εἰς
1048 2877 1212 2922 Iacobs
1243 2879 1350 2934 App
1381 2878 1493 2922 Pors
1527 2882 1612 2920 330
1645 2877 1770 2920 Anth

120 2948 147 2977 a
277 2939 331 2978 46
1705 2947 1708 2950 ·

1804 1076 1846 1106 10

1802 1518 1845 1552 16
