2044 3168
463 115 636 160 LEGIS
668 113 915 160 CONTRA
946 111 1308 157 ADULTEROS
1342 111 1551 157 SUASIO
1750 113 1856 165 2293

977 202 999 224 ι

279 256 351 302 Ex
382 256 475 304 hoc
507 255 781 317 descriptus
813 257 887 302 est

280 330 362 376 16.
394 329 826 377 Ambrosianus
851 329 891 375 E
920 329 986 375 92
1014 342 1118 389 sup.
1146 320 1274 391 (301
1304 328 1355 374 in
1380 327 1608 390 catalogo
1633 327 1860 374 Marivm

166 405 216 451 et
246 397 432 469 Bassii)
465 418 588 452 saec.
613 398 845 468 XIVJXV
876 402 959 450 fol.
988 402 1094 449 96V.
1150 400 1277 448 Vide
1309 403 1343 447 t.
1370 400 1416 446 V
1447 418 1493 462 p.
1524 402 1626 449 178
1646 417 1715 462 sq.

277 477 351 524 Ex
384 478 555 524 eodem
587 476 854 538 exemplari
884 475 1132 522 fluxerunt
1159 474 1256 522 duo
1289 475 1502 523 codices:

280 553 362 599 17.
394 551 707 599 Parisinus
739 567 809 612 gr.
845 551 985 598 3017
1022 565 1144 596 saec.
1171 549 1262 595 XV
1293 548 1378 597 fol.
1412 550 1532 597 169.
1588 549 1714 596 Vide
1748 552 1784 596 t.
1809 549 1860 596 II

164 641 211 686 p.
237 626 270 672 4
289 640 360 686 sq.
418 624 642 672 Contulit
671 623 1038 672 Boissonadius.

168 701 218 746 et

280 773 362 820 18.
395 772 827 820 Ambrosianus
849 771 876 819 I
900 773 967 818 49
996 785 1100 832 sup.
1128 763 1261 836 (460
1286 770 1339 818 in
1371 770 1601 833 catalogo
1634 770 1859 817 Martinii

165 849 215 894 et
239 840 426 912 Bassii)
452 861 578 894 anno
608 846 749 894 1488
776 847 1006 893 exaratus
1030 844 1114 893 fol.
1137 845 1256 893 176.
1311 844 1438 891 Vide
1470 846 1506 892 t.
1530 844 1556 892 I
1586 861 1633 906 p.
1662 845 1766 892 363
1787 860 1858 906 sq.

280 922 363 968 19.
394 921 768 982 Mosquensis
799 919 1127 967 bibliothecae
1160 918 1413 980 synodalis
1438 919 1543 966 489
1579 920 1727 966 antea
1754 920 1856 966 317

167 1010 292 1044 saec.
316 994 408 1041 XV
440 994 524 1042 fol.
552 996 672 1041 212.
727 993 853 1041 Vide
885 997 920 1041 t.
946 993 992 1039 V
1023 1010 1070 1054 p.
1100 994 1205 1042 180
1219 1008 1291 1055 sq.

278 1070 360 1117 20.
394 1068 822 1116 Ambrosianus
855 1066 895 1114 L
923 1068 992 1114 64
1025 1060 1156 1133 (485
1190 1067 1243 1114 in
1283 1067 1512 1129 catalogo
1545 1066 1771 1113 Martinii
1810 1071 1861 1114 et

166 1136 353 1208 Bassii)
386 1158 509 1190 saec.
541 1142 660 1189 XIV
691 1142 776 1190 fol.
803 1142 886 1190 81.
942 1140 1069 1188 Vide
1100 1144 1136 1189 t.
1159 1141 1187 1188 I
1216 1158 1263 1203 p.
1291 1142 1395 1188 426
1416 1156 1487 1202 sq.

277 1218 360 1265 21.
392 1216 837 1278 Neapolitanus
868 1215 921 1263 H
952 1215 993 1262 E
1023 1218 1087 1263 17
1125 1209 1255 1282 (152
1297 1215 1350 1262 in
1389 1214 1618 1279 catalogo
1657 1209 1859 1281 Gyrilli)

164 1306 286 1339 saec.
312 1290 431 1338 XIV
462 1291 548 1339 fol.
576 1291 697 1339 266.
752 1289 879 1337 Vide
910 1292 948 1337 t.
972 1289 998 1336 I
1028 1306 1077 1351 p.
1104 1291 1207 1337 211
1229 1305 1301 1351 sq.

276 1366 360 1413 22.
398 1364 737 1412 Vaticanus
778 1381 849 1428 gr.
886 1365 990 1412 937
1025 1379 1148 1412 saec.
1181 1362 1273 1411 XV
1304 1363 1389 1412 fol.
1427 1365 1547 1411 121.
1609 1363 1735 1411 Vide
1768 1367 1803 1411 t.
1834 1364 1861 1412 I

162 1455 211 1501 p.
238 1440 342 1487 329
362 1454 434 1501 sq.

275 1513 353 1559 Ex
384 1513 555 1560 eodem
585 1512 832 1560 fluxerunt
863 1512 1133 1574 exemplari
1160 1511 1257 1560 duo
1290 1511 1502 1560 codices:

278 1587 362 1634 23.
395 1586 841 1634 Laurentianus
864 1585 1007 1633 LVII
1023 1588 1091 1633 47
1113 1579 1208 1652 (=
1226 1580 1383 1652 Laur)
1409 1601 1535 1634 saec.
1552 1586 1645 1633 XV
1668 1586 1753 1634 fol.
1774 1588 1856 1634 16.

164 1659 422 1709 Correctus
454 1663 530 1708 est
559 1676 710 1708 manu
741 1660 967 1708 secunda.
1000 1659 1128 1708 Vide
1163 1662 1198 1708 t.
1223 1659 1297 1708 IV
1327 1676 1375 1722 p.
1403 1661 1507 1708 302
1529 1675 1600 1722 sq.
1643 1659 1857 1708 Contuli.

166 1737 215 1782 et

276 1810 359 1856 24.
392 1808 988 1870 Hierosolymitanus
1013 1807 1362 1856 -bibliothecae
1409 1807 1759 1870 patriarchalis
1808 1808 1854 1856 S.

164 1881 440 1945 Sepulcri
477 1884 542 1930 7-9
570 1876 664 1948 (=
689 1876 738 1948 Ι)
763 1898 887 1931 saec.
912 1882 1004 1929 XV
1035 1882 1119 1930 fol.
1147 1884 1255 1930 21⁷.
1287 1882 1414 1930 Vide
1446 1884 1481 1929 t.
1508 1882 1554 1928 V
1584 1899 1632 1945 p.
1657 1883 1761 1930 451
1783 1898 1855 1945 sq.

166 1955 388 2005 Contulit
425 1973 590 2005 meum
635 1957 688 2004 in
733 1971 876 2004 usum
921 1972 1087 2004 mense
1124 1956 1291 2018 Aprili
1329 1956 1447 2004 anni
1483 1958 1625 2005 1910
1666 1957 1858 2020 collega

162 2031 445 2079 carissimus
475 2030 715 2092 Iosephus
748 2029 1114 2094 Sickenberger.

274 2105 457 2153 Fusam
502 2105 649 2152 huius
701 2103 881 2152 codicis
936 2104 1319 2166 descriptionem
1366 2103 1622 2152 continent
1664 2104 1856 2153 codices

162 2178 539 2226 Burneianus
578 2180 681 2226 513
730 2178 919 2226 Musei
966 2178 1313 2227 Britannici
1359 2180 1410 2227 et
1454 2177 1856 2226 Londinensis

161 2252 572 2301 bibliothecae
620 2251 1179 2315 archiepiscopalis.
1234 2251 1362 2300 Vide
1401 2268 1553 2315 supra
1592 2269 1638 2315 p.
1667 2254 1857 2307 237et

166 2330 200 2374 t.
226 2327 273 2373 V
303 2344 351 2389 p.
377 2328 500 2374 456.

275 2401 348 2447 Ex
380 2401 457 2448 his
488 2415 611 2462 quos
641 2402 693 2447 in
726 2415 922 2447 censum
962 2399 1210 2448 vocandos
1251 2415 1354 2448 esse
1395 2400 1625 2447 duximus
1666 2399 1855 2448 codices

162 2490 339 2522 novem
390 2473 1055 2523 GrHMoMaGlMLaurIB
1099 2489 1269 2522 rursus
1323 2474 1375 2521 in
1428 2474 1550 2522 duas
1599 2473 1856 2541 discedunt

165 2547 382 2596 familias
422 2564 633 2610 quarum
672 2548 807 2610 prior
845 2544 1096 2596 codicibus
1132 2541 1574 2613 CrHMoMaGl¹)‚
1605 2548 1763 2595 altera
1795 2549 1862 2595 M

162 2621 393 2669 LaurIB
424 2623 716 2670 continetur.

274 2695 665 2744 Necessitudinis
696 2695 948 2743 vinculum
981 2695 1115 2756 quod
1152 2696 1283 2744 inter
1320 2696 1408 2744 hos
1449 2695 1670 2790 singulos
1704 2696 1852 2742 inter·

164 2767 295 2816 cedit
325 2769 516 2818 codices
546 2770 640 2818 hoc
670 2768 765 2817 tibi
794 2768 967 2816 reddet
998 2771 1230 2817 stemma:

284 2926 328 2979 1)
359 2922 425 2967 cf.
458 2937 600 2980 supra
630 2939 675 2979 p.
700 2928 769 2967 40.
